@INPROCEEDINGS{Fitzpatrick_2014,
       author = {{Fitzpatrick}, Michael J. and {Olsen}, Knut and {Economou}, Frossie and {Stobie}, Elizabeth B. and {Beers}, T.~C. and {Dickinson}, Mark and {Norris}, Patrick and {Saha}, Abi and {Seaman}, Robert and {Silva}, David R. and {Swaters}, Robert A. and {Thomas}, Brian and {Valdes}, Francisco},
        title = "{The NOAO Data Laboratory: a conceptual overview}",
    booktitle = {Observatory Operations: Strategies, Processes, and Systems V},
         year = 2014,
       editor = {{Peck}, Alison B. and {Benn}, Chris R. and {Seaman}, Robert L.},
       series = {Society of Photo-Optical Instrumentation Engineers (SPIE) Conference Series},
       volume = {9149},
        month = aug,
          eid = {91491T},
        pages = {91491T},
          doi = {10.1117/12.2057445},
       adsurl = {https://ui.adsabs.harvard.edu/abs/2014SPIE.9149E..1TF},
      adsnote = {Provided by the SAO/NASA Astrophysics Data System}
}

@ARTICLE{Nikutta_2020,
       author = {{Nikutta}, R. and {Fitzpatrick}, M. and {Scott}, A. and {Weaver}, B.~A.},
        title = "{Data Lab-A community science platform}",
      journal = {Astronomy and Computing},
     keywords = {Surveys, Catalogs, Astronomical databases, Data analysis, Computing platforms, Database query processing},
         year = 2020,
        month = oct,
       volume = {33},
          eid = {100411},
        pages = {100411},
          doi = {10.1016/j.ascom.2020.100411},
       adsurl = {https://ui.adsabs.harvard.edu/abs/2020A&C....3300411N},
      adsnote = {Provided by the SAO/NASA Astrophysics Data System}
}

@ARTICLE{DESI_EDR_2024a,
       author = {{DESI Collaboration} and {Adame}, A.~G. and {Aguilar}, J. and {Ahlen}, S. and {Alam}, S. and {Aldering}, G. and {Alexander}, D.~M. and {Alfarsy}, R. and {Allende Prieto}, C. and {Alvarez}, M. and {Alves}, O. and {Anand}, A. and {Andrade-Oliveira}, F. and {Armengaud}, E. and {Asorey}, J. and {Avila}, S. and {Aviles}, A. and {Bailey}, S. and {Balaguera-Antol{\'\i}nez}, A. and {Ballester}, O. and {Baltay}, C. and {Bault}, A. and {Bautista}, J. and {Behera}, J. and {Beltran}, S.~F. and {BenZvi}, S. and {Beraldo e Silva}, L. and {Bermejo-Climent}, J.~R. and {Berti}, A. and {Besuner}, R. and {Beutler}, F. and {Bianchi}, D. and {Blake}, C. and {Blum}, R. and {Bolton}, A.~S. and {Brieden}, S. and {Brodzeller}, A. and {Brooks}, D. and {Brown}, Z. and {Buckley-Geer}, E. and {Burtin}, E. and {Cabayol-Garcia}, L. and {Cai}, Z. and {Canning}, R. and {Cardiel-Sas}, L. and {Carnero Rosell}, A. and {Castander}, F.~J. and {Cervantes-Cota}, J.~L. and {Chabanier}, S. and {Chaussidon}, E. and {Chaves-Montero}, J. and {Chen}, S. and {Chen}, X. and {Chuang}, C. and {Claybaugh}, T. and {Cole}, S. and {Cooper}, A.~P. and {Cuceu}, A. and {Davis}, T.~M. and {Dawson}, K. and {de Belsunce}, R. and {de la Cruz}, R. and {de la Macorra}, A. and {de Mattia}, A. and {Demina}, R. and {Demirbozan}, U. and {DeRose}, J. and {Dey}, A. and {Dey}, B. and {Dhungana}, G. and {Ding}, J. and {Ding}, Z. and {Doel}, P. and {Doshi}, R. and {Douglass}, K. and {Edge}, A. and {Eftekharzadeh}, S. and {Eisenstein}, D.~J. and {Elliott}, A. and {Escoffier}, S. and {Fagrelius}, P. and {Fan}, X. and {Fanning}, K. and {Fawcett}, V.~A. and {Ferraro}, S. and {Ereza}, J. and {Flaugher}, B. and {Font-Ribera}, A. and {Forero-S{\'a}nchez}, D. and {Forero-Romero}, J.~E. and {Frenk}, C.~S. and {G{\"a}nsicke}, B.~T. and {Garc{\'\i}a}, L. {\'A}. and {Garc{\'\i}a-Bellido}, J. and {Garcia-Quintero}, C. and {Garrison}, L.~H. and {Gil-Mar{\'\i}n}, H. and {Golden-Marx}, J. and {Gontcho A Gontcho}, S. and {Gonzalez-Morales}, A.~X. and {Gonzalez-Perez}, V. and {Gordon}, C. and {Graur}, O. and {Green}, D. and {Gruen}, D. and {Guy}, J. and {Hadzhiyska}, B. and {Hahn}, C. and {Han}, J.~J. and {Hanif}, M.~M.~S. and {Herrera-Alcantar}, H.~K. and {Honscheid}, K. and {Hou}, J. and {Howlett}, C. and {Huterer}, D. and {Ir{\v{s}}i{\v{c}}}, V. and {Ishak}, M. and {Jana}, A. and {Jiang}, L. and {Jimenez}, J. and {Jing}, Y.~P. and {Joudaki}, S. and {Jullo}, E. and {Joyce}, R. and {Juneau}, S. and {Kizhuprakkat}, N. and {Kara{\c{c}}ayl{\i}}, N.~G. and {Karim}, T. and {Kehoe}, R. and {Kent}, S. and {Khederlarian}, A. and {Kim}, S. and {Kirkby}, D. and {Kisner}, T. and {Kitaura}, F. and {Kneib}, J. and {Koposov}, S.~E. and {Kov{\'a}cs}, A. and {Kremin}, A. and {Krolewski}, A. and {L'Huillier}, B. and {Lahav}, O. and {Lambert}, A. and {Lamman}, C. and {Lan}, T. -W. and {Landriau}, M. and {Lang}, D. and {Lange}, J.~U. and {Lasker}, J. and {Le Guillou}, L. and {Leauthaud}, A. and {Levi}, M.~E. and {Li}, T.~S. and {Linder}, E. and {Lyons}, A. and {Magneville}, C. and {Manera}, M. and {Manser}, C.~J. and {Margala}, D. and {Martini}, P. and {McDonald}, P. and {Medina}, G.~E. and {Medina-Varela}, L. and {Meisner}, A. and {Mena-Fern{\'a}ndez}, J. and {Meneses-Rizo}, J. and {Mezcua}, M. and {Miquel}, R. and {Montero-Camacho}, P. and {Moon}, J. and {Moore}, S. and {Moustakas}, J. and {Mueller}, E. and {Mundet}, J. and {Mu{\~n}oz-Guti{\'e}rrez}, A. and {Myers}, A.~D. and {Nadathur}, S. and {Napolitano}, L. and {Neveux}, R. and {Newman}, J.~A. and {Nie}, J. and {Niz}, G. and {Norberg}, P. and {Noriega}, H.~E. and {Paillas}, E. and {Palanque-Delabrouille}, N. and {Palmese}, A. and {Zhiwei}, P. and {Parkinson}, D. and {Penmetsa}, S. and {Percival}, W.~J. and {P{\'e}rez-Fern{\'a}ndez}, A. and {P{\'e}rez-R{\`a}fols}, I. and {Pieri}, M. and {Poppett}, C. and {Porredon}, A. and {Prada}, F. and {Pucha}, R. and {Raichoor}, A. and {Ram{\'\i}rez-P{\'e}rez}, C. and {Ramirez-Solano}, S. and {Rashkovetskyi}, M. and {Ravoux}, C. and {Rocher}, A. and {Rockosi}, C. and {Ross}, A.~J. and {Rossi}, G. and {Ruggeri}, R. and {Ruhlmann-Kleider}, V. and {Sabiu}, C.~G. and {Said}, K. and {Saintonge}, A. and {Samushia}, L. and {Sanchez}, E. and {Saulder}, C. and {Schaan}, E. and {Schlafly}, E.~F. and {Schlegel}, D. and {Scholte}, D. and {Schubnell}, M. and {Seo}, H. and {Shafieloo}, A. and {Sharples}, R. and {Sheu}, W. and {Silber}, J. and {Sinigaglia}, F. and {Siudek}, M. and {Slepian}, Z. and {Smith}, A. and {Sprayberry}, D. and {Stephey}, L. and {Su{\'a}rez-P{\'e}rez}, J. and {Sun}, Z. and {Tan}, T. and {Tarl{\'e}}, G. and {Tojeiro}, R. and {Ure{\~n}a-L{\'o}pez}, L.~A. and {Vaisakh}, R. and {Valcin}, D. and {Valdes}, F. and {Valluri}, M. and {Vargas-Maga{\~n}a}, M. and {Variu}, A. and {Verde}, L. and {Walther}, M. and {Wang}, B. and {Wang}, M.~S. and {Weaver}, B.~A. and {Weaverdyck}, N. and {Wechsler}, R.~H. and {White}, M. and {Xie}, Y. and {Yang}, J. and {Y{\`e}che}, C. and {Yu}, J. and {Yuan}, S. and {Zhang}, H. and {Zhang}, Z. and {Zhao}, C. and {Zheng}, Z. and {Zhou}, R. and {Zhou}, Z. and {Zou}, H. and {Zou}, S. and {Zu}, Y. and {DESI Collaboration}},
        title = "{Validation of the Scientific Program for the Dark Energy Spectroscopic Instrument}",
      journal = {\aj},
     keywords = {Cosmology, Redshift surveys, 343, 1378, Astrophysics - Cosmology and Nongalactic Astrophysics},
         year = 2024,
        month = feb,
       volume = {167},
       number = {2},
          eid = {62},
        pages = {62},
          doi = {10.3847/1538-3881/ad0b08},
archivePrefix = {arXiv},
       eprint = {2306.06307},
 primaryClass = {astro-ph.CO},
       adsurl = {https://ui.adsabs.harvard.edu/abs/2024AJ....167...62D},
      adsnote = {Provided by the SAO/NASA Astrophysics Data System}
}

@ARTICLE{DESI_EDR_2023,
       author = {{DESI Collaboration} and {Adame}, A.~G. and {Aguilar}, J. and {Ahlen}, S. and {Alam}, S. and {Aldering}, G. and {Alexander}, D.~M. and {Alfarsy}, R. and {Allende Prieto}, C. and {Alvarez}, M. and {Alves}, O. and {Anand}, A. and {Andrade-Oliveira}, F. and {Armengaud}, E. and {Asorey}, J. and {Avila}, S. and {Aviles}, A. and {Bailey}, S. and {Balaguera-Antol{\'\i}nez}, A. and {Ballester}, O. and {Baltay}, C. and {Bault}, A. and {Bautista}, J. and {Behera}, J. and {Beltran}, S.~F. and {BenZvi}, S. and {Beraldo e Silva}, L. and {Bermejo-Climent}, J.~R. and {Berti}, A. and {Besuner}, R. and {Beutler}, F. and {Bianchi}, D. and {Blake}, C. and {Blum}, R. and {Bolton}, A.~S. and {Brieden}, S. and {Brodzeller}, A. and {Brooks}, D. and {Brown}, Z. and {Buckley-Geer}, E. and {Burtin}, E. and {Cabayol-Garcia}, L. and {Cai}, Z. and {Canning}, R. and {Cardiel-Sas}, L. and {Carnero Rosell}, A. and {Castander}, F.~J. and {Cervantes-Cota}, J.~L. and {Chabanier}, S. and {Chaussidon}, E. and {Chaves-Montero}, J. and {Chen}, S. and {Chuang}, C. and {Claybaugh}, T. and {Cole}, S. and {Cooper}, A.~P. and {Cuceu}, A. and {Davis}, T.~M. and {Dawson}, K. and {de Belsunce}, R. and {de la Cruz}, R. and {de la Macorra}, A. and {de Mattia}, A. and {Demina}, R. and {Demirbozan}, U. and {DeRose}, J. and {Dey}, A. and {Dey}, B. and {Dhungana}, G. and {Ding}, J. and {Ding}, Z. and {Doel}, P. and {Doshi}, R. and {Douglass}, K. and {Edge}, A. and {Eftekharzadeh}, S. and {Eisenstein}, D.~J. and {Elliott}, A. and {Escoffier}, S. and {Fagrelius}, P. and {Fan}, X. and {Fanning}, K. and {Fawcett}, V.~A. and {Ferraro}, S. and {Ereza}, J. and {Flaugher}, B. and {Font-Ribera}, A. and {Forero-S{\'a}nchez}, D. and {Forero-Romero}, J.~E. and {Frenk}, C.~S. and {G{\"a}nsicke}, B.~T. and {Garc{\'\i}a}, L. {\'A}. and {Garc{\'\i}a-Bellido}, J. and {Garcia-Quintero}, C. and {Garrison}, L.~H. and {Gil-Mar{\'\i}n}, H. and {Golden-Marx}, J. and {Gontcho}, S. Gontcho A and {Gonzalez-Morales}, A.~X. and {Gonzalez-Perez}, V. and {Gordon}, C. and {Graur}, O. and {Green}, D. and {Gruen}, D. and {Guy}, J. and {Hadzhiyska}, B. and {Hahn}, C. and {Han}, J.~J. and {Hanif}, M.~M. S and {Herrera-Alcantar}, H.~K. and {Honscheid}, K. and {Hou}, J. and {Howlett}, C. and {Huterer}, D. and {Ir{\v{s}}i{\v{c}}}, V. and {Ishak}, M. and {Jacques}, A. and {Jana}, A. and {Jiang}, L. and {Jimenez}, J. and {Jing}, Y.~P. and {Joudaki}, S. and {Jullo}, E. and {Juneau}, S. and {Kizhuprakkat}, N. and {Kara{\c{c}}ayl{\i}}, N.~G. and {Karim}, T. and {Kehoe}, R. and {Kent}, S. and {Khederlarian}, A. and {Kim}, S. and {Kirkby}, D. and {Kisner}, T. and {Kitaura}, F. and {Kneib}, J. and {Koposov}, S.~E. and {Kov{\'a}cs}, A. and {Kremin}, A. and {Krolewski}, A. and {L'Huillier}, B. and {Lambert}, A. and {Lamman}, C. and {Lan}, T. -W. and {Landriau}, M. and {Lang}, D. and {Lange}, J.~U. and {Lasker}, J. and {Le Guillou}, L. and {Leauthaud}, A. and {Levi}, M.~E. and {Li}, T.~S. and {Linder}, E. and {Lyons}, A. and {Magneville}, C. and {Manera}, M. and {Manser}, C.~J. and {Margala}, D. and {Martini}, P. and {McDonald}, P. and {Medina}, G.~E. and {Medina-Varela}, L. and {Meisner}, A. and {Mena-Fern{\'a}ndez}, J. and {Meneses-Rizo}, J. and {Mezcua}, M. and {Miquel}, R. and {Montero-Camacho}, P. and {Moon}, J. and {Moore}, S. and {Moustakas}, J. and {Mueller}, E. and {Mundet}, J. and {Mu{\~n}oz-Guti{\'e}rrez}, A. and {Myers}, A.~D. and {Nadathur}, S. and {Napolitano}, L. and {Neveux}, R. and {Newman}, J.~A. and {Nie}, J. and {Nikutta}, R. and {Niz}, G. and {Norberg}, P. and {Noriega}, H.~E. and {Paillas}, E. and {Palanque-Delabrouille}, N. and {Palmese}, A. and {Zhiwei}, P. and {Parkinson}, D. and {Penmetsa}, S. and {Percival}, W.~J. and {P{\'e}rez-Fern{\'a}ndez}, A. and {P{\'e}rez-R{\`a}fols}, I. and {Pieri}, M. and {Poppett}, C. and {Porredon}, A. and {Pothier}, S. and {Prada}, F. and {Pucha}, R. and {Raichoor}, A. and {Ram{\'\i}rez-P{\'e}rez}, C. and {Ramirez-Solano}, S. and {Rashkovetskyi}, M. and {Ravoux}, C. and {Rocher}, A. and {Rockosi}, C. and {Ross}, A.~J. and {Rossi}, G. and {Ruggeri}, R. and {Ruhlmann-Kleider}, V. and {Sabiu}, C.~G. and {Said}, K. and {Saintonge}, A. and {Samushia}, L. and {Sanchez}, E. and {Saulder}, C. and {Schaan}, E. and {Schlafly}, E.~F. and {Schlegel}, D. and {Scholte}, D. and {Schubnell}, M. and {Seo}, H. and {Shafieloo}, A. and {Sharples}, R. and {Sheu}, W. and {Silber}, J. and {Sinigaglia}, F. and {Siudek}, M. and {Slepian}, Z. and {Smith}, A. and {Sprayberry}, D. and {Stephey}, L. and {Su{\'a}rez-P{\'e}rez}, J. and {Sun}, Z. and {Tan}, T. and {Tarl{\'e}}, G. and {Tojeiro}, R. and {Ure{\~n}a-L{\'o}pez}, L.~A. and {Vaisakh}, R. and {Valcin}, D. and {Valdes}, F. and {Valluri}, M. and {Vargas-Maga{\~n}a}, M. and {Variu}, A. and {Verde}, L. and {Walther}, M. and {Wang}, B. and {Wang}, M.~S. and {Weaver}, B.~A. and {Weaverdyck}, N. and {Wechsler}, R.~H. and {White}, M. and {Xie}, Y. and {Yang}, J. and {Y{\`e}che}, C. and {Yu}, J. and {Yuan}, S. and {Zhang}, H. and {Zhang}, Z. and {Zhao}, C. and {Zheng}, Z. and {Zhou}, R. and {Zhou}, Z. and {Zou}, H. and {Zou}, S. and {Zu}, Y.},
        title = "{The Early Data Release of the Dark Energy Spectroscopic Instrument}",
      journal = {arXiv e-prints},
     keywords = {Astrophysics - Cosmology and Nongalactic Astrophysics},
         year = 2023,
        month = jun,
          eid = {arXiv:2306.06308},
        pages = {arXiv:2306.06308},
          doi = {10.48550/arXiv.2306.06308},
archivePrefix = {arXiv},
       eprint = {2306.06308},
 primaryClass = {astro-ph.CO},
       adsurl = {https://ui.adsabs.harvard.edu/abs/2023arXiv230606308D},
      adsnote = {Provided by the SAO/NASA Astrophysics Data System}
}

@ARTICLE{DESI_DR1_2025,
Author = { {DESI Collaboration} and {Abdul-Karim}, M. and {Adame}, A. G. and D. Aguado and J. Aguilar and S. Ahlen and S. Alam and G. Aldering and D. M. Alexander and R. Alfarsy and L. Allen and C. Allende Prieto and O. Alves and A. Anand and U. Andrade and E. Armengaud and S. Avila and A. Aviles and H. Awan and S. Bailey and A. Baleato Lizancos and O. Ballester and A. Bault and J. Bautista and S. BenZvi and L. Beraldo e Silva and J. R. Bermejo-Climent and F. Beutler and D. Bianchi and C. Blake and R. Blum and A. S. Bolton and M. Bonici and S. Brieden and A. Brodzeller and D. Brooks and E. Buckley-Geer and E. Burtin and R. Canning and A. Carnero Rosell and A. Carr and P. Carrilho and L. Casas and F. J. Castander and R. Cereskaite and J. L. Cervantes-Cota and E. Chaussidon and J. Chaves-Montero and S. Chen and X. Chen and T. Claybaugh and S. Cole and A. P. Cooper and M. -C. Cousinou and A. Cuceu and T. M. Davis and K. S. Dawson and R. de Belsunce and R. de la Cruz and A. de la Macorra and A. de Mattia and N. Deiosso and J. Della Costa and R. Demina and U. Demirbozan and J. DeRose and A. Dey and B. Dey and J. Ding and Z. Ding and P. Doel and K. Douglass and M. Dowicz and H. Ebina and J. Edelstein and D. J. Eisenstein and W. Elbers and N. Emas and S. Escoffier and P. Fagrelius and X. Fan and K. Fanning and V. A. Fawcett and E. Fernández-García and S. Ferraro and N. Findlay and A. Font-Ribera and J. E. Forero-Romero and D. Forero-Sánchez and C. S. Frenk and B. T. Gänsicke and L. Galbany and J. García-Bellido and C. Garcia-Quintero and L. H. Garrison and E. Gaztañaga and H. Gil-Marín and O. Y. Gnedin and S. Gontcho A Gontcho and A. X. Gonzalez-Morales and V. Gonzalez-Perez and C. Gordon and O. Graur and D. Green and D. Gruen and R. Gsponer and C. Guandalin and G. Gutierrez and J. Guy and C. Hahn and J. J. Han and J. Han and S. He and H. K. Herrera-Alcantar and K. Honscheid and J. Hou and C. Howlett and D. Huterer and V. Iršič and M. Ishak and A. Jacques and J. Jimenez and Y. P. Jing and B. Joachimi and S. Joudaki and R. Joyce and E. Jullo and S. Juneau and N. G. Karaçaylı and T. Karim and R. Kehoe and S. Kent and A. Khederlarian and D. Kirkby and T. Kisner and F. -S. Kitaura and N. Kizhuprakkat and H. Kong and S. E. Koposov and A. Kremin and A. Krolewski and O. Lahav and Y. Lai and C. Lamman and T. -W. Lan and M. Landriau and D. Lang and J. U. Lange and J. Lasker and J. M. Le Goff and L. Le Guillou and A. Leauthaud and M. E. Levi and S. Li and T. S. Li and K. Lodha and M. Lokken and Y. Luo and C. Magneville and M. Manera and C. J. Manser and D. Margala and P. Martini and M. Maus and J. McCullough and P. McDonald and G. E. Medina and L. Medina-Varela and A. Meisner and J. Mena-Fernández and A. Menegas and M. Mezcua and R. Miquel and P. Montero-Camacho and J. Moon and J. Moustakas and A. Muñoz-Gutiérrez and D. Muñoz-Santos and A. D. Myers and J. Myles and S. Nadathur and J. Najita and L. Napolitano and J. A. Newman and F. Nikakhtar and R. Nikutta and G. Niz and H. E. Noriega and N. Padmanabhan and E. Paillas and N. Palanque-Delabrouille and A. Palmese and J. Pan and Z. Pan and D. Parkinson and J. Peacock and W. J. Percival and A. Pérez-Fernández and I. Pérez-Ràfols and P. Peterson and J. Piat and M. M. Pieri and M. Pinon and C. Poppett and A. Porredon and F. Prada and R. Pucha and F. Qin and D. Rabinowitz and A. Raichoor and C. Ramírez-Pérez and S. Ramirez-Solano and M. Rashkovetskyi and C. Ravoux and A. H. Riley and A. Rocher and C. Rockosi and J. Rohlf and A. J. Ross and G. Rossi and R. Ruggeri and V. Ruhlmann-Kleider and C. G. Sabiu and K. Said and A. Saintonge and L. Samushia and E. Sanchez and N. Sanders and C. Saulder and E. F. Schlafly and D. Schlegel and D. Scholte and M. Schubnell and H. Seo and A. Shafieloo and R. Sharples and J. Silber and M. Siudek and A. Smith and D. Sprayberry and J. Suárez-Pérez and J. Swanson and T. Tan and G. Tarlé and P. Taylor and G. Thomas and R. Tojeiro and R. J. Turner and W. Turner and L. A. Ureña-López and R. Vaisakh and M. Valluri and M. Vargas-Magaña and L. Verde and M. Walther and B. Wang and M. S. Wang and W. Wang and B. A. Weaver and N. Weaverdyck and R. H. Wechsler and M. White and M. Wolfson and J. Yang and C. Yèche and S. Youles and J. Yu and S. Yuan and E. A. Zaborowski and P. Zarrouk and H. Zhang and C. Zhao and R. Zhao and Z. Zheng and R. Zhou and H. Zou and S. Zou and Y. Zu},
title = "{Data Release 1 of the Dark Energy Spectroscopic Instrument}",
      journal = {arXiv e-prints},
     keywords = {Cosmology and Nongalactic Astrophysics},
         year = 2025,
        month = mar,
          eid = {arXiv:2503.14745},
        pages = {arXiv:2503.14745},
          doi = {10.48550/arXiv.2503.14745},
archivePrefix = {arXiv},
       eprint = {2503.14745},
 primaryClass = {astro-ph.CO},
       adsurl = {https://ui.adsabs.harvard.edu/abs/2025arXiv250314745D},
      adsnote = {Provided by the SAO/NASA Astrophysics Data System}
}

@ARTICLE{LS_2019,
       author = {{Dey}, Arjun and {Schlegel}, David J. and {Lang}, Dustin and {Blum}, Robert and {Burleigh}, Kaylan and {Fan}, Xiaohui and {Findlay}, Joseph R. and {Finkbeiner}, Doug and {Herrera}, David and {Juneau}, St{\'e}phanie and {Landriau}, Martin and {Levi}, Michael and {McGreer}, Ian and {Meisner}, Aaron and {Myers}, Adam D. and {Moustakas}, John and {Nugent}, Peter and {Patej}, Anna and {Schlafly}, Edward F. and {Walker}, Alistair R. and {Valdes}, Francisco and {Weaver}, Benjamin A. and {Y{\`e}che}, Christophe and {Zou}, Hu and {Zhou}, Xu and {Abareshi}, Behzad and {Abbott}, T.~M.~C. and {Abolfathi}, Bela and {Aguilera}, C. and {Alam}, Shadab and {Allen}, Lori and {Alvarez}, A. and {Annis}, James and {Ansarinejad}, Behzad and {Aubert}, Marie and {Beechert}, Jacqueline and {Bell}, Eric F. and {BenZvi}, Segev Y. and {Beutler}, Florian and {Bielby}, Richard M. and {Bolton}, Adam S. and {Brice{\~n}o}, C{\'e}sar and {Buckley-Geer}, Elizabeth J. and {Butler}, Karen and {Calamida}, Annalisa and {Carlberg}, Raymond G. and {Carter}, Paul and {Casas}, Ricard and {Castander}, Francisco J. and {Choi}, Yumi and {Comparat}, Johan and {Cukanovaite}, Elena and {Delubac}, Timoth{\'e}e and {DeVries}, Kaitlin and {Dey}, Sharmila and {Dhungana}, Govinda and {Dickinson}, Mark and {Ding}, Zhejie and {Donaldson}, John B. and {Duan}, Yutong and {Duckworth}, Christopher J. and {Eftekharzadeh}, Sarah and {Eisenstein}, Daniel J. and {Etourneau}, Thomas and {Fagrelius}, Parker A. and {Farihi}, Jay and {Fitzpatrick}, Mike and {Font-Ribera}, Andreu and {Fulmer}, Leah and {G{\"a}nsicke}, Boris T. and {Gaztanaga}, Enrique and {George}, Koshy and {Gerdes}, David W. and {Gontcho}, Satya Gontcho A. and {Gorgoni}, Claudio and {Green}, Gregory and {Guy}, Julien and {Harmer}, Diane and {Hernandez}, M. and {Honscheid}, Klaus and {Huang}, Lijuan Wendy and {James}, David J. and {Jannuzi}, Buell T. and {Jiang}, Linhua and {Joyce}, Richard and {Karcher}, Armin and {Karkar}, Sonia and {Kehoe}, Robert and {Kneib}, Jean-Paul and {Kueter-Young}, Andrea and {Lan}, Ting-Wen and {Lauer}, Tod R. and {Le Guillou}, Laurent and {Le Van Suu}, Auguste and {Lee}, Jae Hyeon and {Lesser}, Michael and {Perreault Levasseur}, Laurence and {Li}, Ting S. and {Mann}, Justin L. and {Marshall}, Robert and {Mart{\'\i}nez-V{\'a}zquez}, C.~E. and {Martini}, Paul and {du Mas des Bourboux}, H{\'e}lion and {McManus}, Sean and {Meier}, Tobias Gabriel and {M{\'e}nard}, Brice and {Metcalfe}, Nigel and {Mu{\~n}oz-Guti{\'e}rrez}, Andrea and {Najita}, Joan and {Napier}, Kevin and {Narayan}, Gautham and {Newman}, Jeffrey A. and {Nie}, Jundan and {Nord}, Brian and {Norman}, Dara J. and {Olsen}, Knut A.~G. and {Paat}, Anthony and {Palanque-Delabrouille}, Nathalie and {Peng}, Xiyan and {Poppett}, Claire L. and {Poremba}, Megan R. and {Prakash}, Abhishek and {Rabinowitz}, David and {Raichoor}, Anand and {Rezaie}, Mehdi and {Robertson}, A.~N. and {Roe}, Natalie A. and {Ross}, Ashley J. and {Ross}, Nicholas P. and {Rudnick}, Gregory and {Safonova}, Sasha and {Saha}, Abhijit and {S{\'a}nchez}, F. Javier and {Savary}, Elodie and {Schweiker}, Heidi and {Scott}, Adam and {Seo}, Hee-Jong and {Shan}, Huanyuan and {Silva}, David R. and {Slepian}, Zachary and {Soto}, Christian and {Sprayberry}, David and {Staten}, Ryan and {Stillman}, Coley M. and {Stupak}, Robert J. and {Summers}, David L. and {Sien Tie}, Suk and {Tirado}, H. and {Vargas-Maga{\~n}a}, Mariana and {Vivas}, A. Katherina and {Wechsler}, Risa H. and {Williams}, Doug and {Yang}, Jinyi and {Yang}, Qian and {Yapici}, Tolga and {Zaritsky}, Dennis and {Zenteno}, A. and {Zhang}, Kai and {Zhang}, Tianmeng and {Zhou}, Rongpu and {Zhou}, Zhimin},
        title = "{Overview of the DESI Legacy Imaging Surveys}",
      journal = {\aj},
     keywords = {catalogs, surveys, Astrophysics - Instrumentation and Methods for Astrophysics},
         year = 2019,
        month = may,
       volume = {157},
       number = {5},
          eid = {168},
        pages = {168},
          doi = {10.3847/1538-3881/ab089d},
archivePrefix = {arXiv},
       eprint = {1804.08657},
 primaryClass = {astro-ph.IM},
       adsurl = {https://ui.adsabs.harvard.edu/abs/2019AJ....157..168D},
      adsnote = {Provided by the SAO/NASA Astrophysics Data System}
}

@ARTICLE{zCOSMOS_2007,
       author = {{Lilly}, S.~J. and {Le F{\`e}vre}, O. and {Renzini}, A. and {Zamorani}, G. and {Scodeggio}, M. and {Contini}, T. and {Carollo}, C.~M. and {Hasinger}, G. and {Kneib}, J. -P. and {Iovino}, A. and {Le Brun}, V. and {Maier}, C. and {Mainieri}, V. and {Mignoli}, M. and {Silverman}, J. and {Tasca}, L.~A.~M. and {Bolzonella}, M. and {Bongiorno}, A. and {Bottini}, D. and {Capak}, P. and {Caputi}, K. and {Cimatti}, A. and {Cucciati}, O. and {Daddi}, E. and {Feldmann}, R. and {Franzetti}, P. and {Garilli}, B. and {Guzzo}, L. and {Ilbert}, O. and {Kampczyk}, P. and {Kovac}, K. and {Lamareille}, F. and {Leauthaud}, A. and {Le Borgne}, J. -F. and {McCracken}, H.~J. and {Marinoni}, C. and {Pello}, R. and {Ricciardelli}, E. and {Scarlata}, C. and {Vergani}, D. and {Sanders}, D.~B. and {Schinnerer}, E. and {Scoville}, N. and {Taniguchi}, Y. and {Arnouts}, S. and {Aussel}, H. and {Bardelli}, S. and {Brusa}, M. and {Cappi}, A. and {Ciliegi}, P. and {Finoguenov}, A. and {Foucaud}, S. and {Franceschini}, A. and {Halliday}, C. and {Impey}, C. and {Knobel}, C. and {Koekemoer}, A. and {Kurk}, J. and {Maccagni}, D. and {Maddox}, S. and {Marano}, B. and {Marconi}, G. and {Meneux}, B. and {Mobasher}, B. and {Moreau}, C. and {Peacock}, J.~A. and {Porciani}, C. and {Pozzetti}, L. and {Scaramella}, R. and {Schiminovich}, D. and {Shopbell}, P. and {Smail}, I. and {Thompson}, D. and {Tresse}, L. and {Vettolani}, G. and {Zanichelli}, A. and {Zucca}, E.},
        title = "{zCOSMOS: A Large VLT/VIMOS Redshift Survey Covering 0 < z < 3 in the COSMOS Field}",
      journal = {\apjs},
     keywords = {Cosmology: Observations, Galaxies: Active, Galaxies: Distances and Redshifts, Galaxies: Evolution, Cosmology: Large-Scale Structure of Universe, Galaxies: Quasars: General, Surveys, Astrophysics},
         year = 2007,
        month = sep,
       volume = {172},
       number = {1},
        pages = {70-85},
          doi = {10.1086/516589},
archivePrefix = {arXiv},
       eprint = {astro-ph/0612291},
 primaryClass = {astro-ph},
       adsurl = {https://ui.adsabs.harvard.edu/abs/2007ApJS..172...70L},
      adsnote = {Provided by the SAO/NASA Astrophysics Data System}
}

@ARTICLE{zCOSMOS_2009,
       author = {{Lilly}, Simon J. and {Le Brun}, Vincent and {Maier}, Christian and {Mainieri}, Vincenzo and {Mignoli}, Marco and {Scodeggio}, Marco and {Zamorani}, Gianni and {Carollo}, Marcella and {Contini}, Thierry and {Kneib}, Jean-Paul and {Le F{\`e}vre}, Olivier and {Renzini}, Alvio and {Bardelli}, Sandro and {Bolzonella}, Micol and {Bongiorno}, Angela and {Caputi}, Karina and {Coppa}, Graziano and {Cucciati}, Olga and {de la Torre}, Sylvain and {de Ravel}, Loic and {Franzetti}, Paolo and {Garilli}, Bianca and {Iovino}, Angela and {Kampczyk}, Pawel and {Kovac}, Katarina and {Knobel}, Christian and {Lamareille}, Fabrice and {Le Borgne}, Jean-Francois and {Pello}, Roser and {Peng}, Yingjie and {P{\'e}rez-Montero}, Enrique and {Ricciardelli}, Elena and {Silverman}, John D. and {Tanaka}, Masayuki and {Tasca}, Lidia and {Tresse}, Laurence and {Vergani}, Daniela and {Zucca}, Elena and {Ilbert}, Olivier and {Salvato}, Mara and {Oesch}, Pascal and {Abbas}, Umi and {Bottini}, Dario and {Capak}, Peter and {Cappi}, Alberto and {Cassata}, Paolo and {Cimatti}, Andrea and {Elvis}, Martin and {Fumana}, Marco and {Guzzo}, Luigi and {Hasinger}, Gunther and {Koekemoer}, Anton and {Leauthaud}, Alexei and {Maccagni}, Dario and {Marinoni}, Christian and {McCracken}, Henry and {Memeo}, Pierdomenico and {Meneux}, Baptiste and {Porciani}, Cristiano and {Pozzetti}, Lucia and {Sanders}, David and {Scaramella}, Roberto and {Scarlata}, Claudia and {Scoville}, Nick and {Shopbell}, Patrick and {Taniguchi}, Yoshiaki},
        title = "{The zCOSMOS 10k-Bright Spectroscopic Sample}",
      journal = {\apjs},
     keywords = {cosmology: observations, galaxies: active, galaxies: distances and redshifts, galaxies: evolution, large-scale structure of universe, quasars: general, surveys},
         year = 2009,
        month = oct,
       volume = {184},
       number = {2},
        pages = {218-229},
          doi = {10.1088/0067-0049/184/2/218},
       adsurl = {https://ui.adsabs.harvard.edu/abs/2009ApJS..184..218L},
      adsnote = {Provided by the SAO/NASA Astrophysics Data System}
}

@ARTICLE{George_2011,
       author = {{George}, Matthew R. and {Leauthaud}, Alexie and {Bundy}, Kevin and {Finoguenov}, Alexis and {Tinker}, Jeremy and {Lin}, Yen-Ting and {Mei}, Simona and {Kneib}, Jean-Paul and {Aussel}, Herv{\'e} and {Behroozi}, Peter S. and {Busha}, Michael T. and {Capak}, Peter and {Coccato}, Lodovico and {Covone}, Giovanni and {Faure}, Cecile and {Fiorenza}, Stephanie L. and {Ilbert}, Olivier and {Le Floc'h}, Emeric and {Koekemoer}, Anton M. and {Tanaka}, Masayuki and {Wechsler}, Risa H. and {Wolk}, Melody},
        title = "{Galaxies in X-Ray Groups. I. Robust Membership Assignment and the Impact of Group Environments on Quenching}",
      journal = {\apj},
     keywords = {catalogs, galaxies: groups: general, galaxies: star formation, Astrophysics - Cosmology and Nongalactic Astrophysics},
         year = 2011,
        month = dec,
       volume = {742},
       number = {2},
          eid = {125},
        pages = {125},
          doi = {10.1088/0004-637X/742/2/125},
archivePrefix = {arXiv},
       eprint = {1109.6040},
 primaryClass = {astro-ph.CO},
       adsurl = {https://ui.adsabs.harvard.edu/abs/2011ApJ...742..125G},
      adsnote = {Provided by the SAO/NASA Astrophysics Data System}
}

@ARTICLE{Ross_2008,
       author = {{Ross}, Nicholas P. and {Shanks}, T. and {Cannon}, Russell D. and {Wake}, D.~A. and {Sharp}, R.~G. and {Croom}, S.~M. and {Peacock}, John A.},
        title = "{Luminous red galaxy clustering at z \raisebox{-0.5ex}\textasciitilde= 0.7 - first results using AAOmega}",
      journal = {\mnras},
     keywords = {surveys, galaxies: statistics, cosmology: observations, large-scale structure of Universe, Astrophysics},
         year = 2008,
        month = jul,
       volume = {387},
       number = {3},
        pages = {1323-1334},
          doi = {10.1111/j.1365-2966.2008.13332.x},
archivePrefix = {arXiv},
       eprint = {0704.3739},
 primaryClass = {astro-ph},
       adsurl = {https://ui.adsabs.harvard.edu/abs/2008MNRAS.387.1323R},
      adsnote = {Provided by the SAO/NASA Astrophysics Data System}
}

@ARTICLE{Balogh_2014,
       author = {{Balogh}, Michael L. and {McGee}, Sean L. and {Mok}, Angus and {Wilman}, David J. and {Finoguenov}, Alexis and {Bower}, Richard G. and {Mulchaey}, John S. and {Parker}, Laura C. and {Tanaka}, Masayuki},
        title = "{The GEEC2 spectroscopic survey of Galaxy groups at 0.8 < z < 1}",
      journal = {\mnras},
     keywords = {galaxies: evolution, galaxies: groups: general, Astrophysics - Astrophysics of Galaxies, Astrophysics - Cosmology and Nongalactic Astrophysics},
         year = 2014,
        month = sep,
       volume = {443},
       number = {3},
        pages = {2679-2694},
          doi = {10.1093/mnras/stu1332},
archivePrefix = {arXiv},
       eprint = {1406.4528},
 primaryClass = {astro-ph.GA},
       adsurl = {https://ui.adsabs.harvard.edu/abs/2014MNRAS.443.2679B},
      adsnote = {Provided by the SAO/NASA Astrophysics Data System}
}

@ARTICLE{SDSS_2000,
       author = {{York}, Donald G. and {Adelman}, J. and {Anderson}, John E., Jr. and {Anderson}, Scott F. and {Annis}, James and {Bahcall}, Neta A. and {Bakken}, J.~A. and {Barkhouser}, Robert and {Bastian}, Steven and {Berman}, Eileen and {Boroski}, William N. and {Bracker}, Steve and {Briegel}, Charlie and {Briggs}, John W. and {Brinkmann}, J. and {Brunner}, Robert and {Burles}, Scott and {Carey}, Larry and {Carr}, Michael A. and {Castander}, Francisco J. and {Chen}, Bing and {Colestock}, Patrick L. and {Connolly}, A.~J. and {Crocker}, J.~H. and {Csabai}, Istv{\'a}n and {Czarapata}, Paul C. and {Davis}, John Eric and {Doi}, Mamoru and {Dombeck}, Tom and {Eisenstein}, Daniel and {Ellman}, Nancy and {Elms}, Brian R. and {Evans}, Michael L. and {Fan}, Xiaohui and {Federwitz}, Glenn R. and {Fiscelli}, Larry and {Friedman}, Scott and {Frieman}, Joshua A. and {Fukugita}, Masataka and {Gillespie}, Bruce and {Gunn}, James E. and {Gurbani}, Vijay K. and {de Haas}, Ernst and {Haldeman}, Merle and {Harris}, Frederick H. and {Hayes}, J. and {Heckman}, Timothy M. and {Hennessy}, G.~S. and {Hindsley}, Robert B. and {Holm}, Scott and {Holmgren}, Donald J. and {Huang}, Chi-hao and {Hull}, Charles and {Husby}, Don and {Ichikawa}, Shin-Ichi and {Ichikawa}, Takashi and {Ivezi{\'c}}, {\v{Z}}eljko and {Kent}, Stephen and {Kim}, Rita S.~J. and {Kinney}, E. and {Klaene}, Mark and {Kleinman}, A.~N. and {Kleinman}, S. and {Knapp}, G.~R. and {Korienek}, John and {Kron}, Richard G. and {Kunszt}, Peter Z. and {Lamb}, D.~Q. and {Lee}, B. and {Leger}, R. French and {Limmongkol}, Siriluk and {Lindenmeyer}, Carl and {Long}, Daniel C. and {Loomis}, Craig and {Loveday}, Jon and {Lucinio}, Rich and {Lupton}, Robert H. and {MacKinnon}, Bryan and {Mannery}, Edward J. and {Mantsch}, P.~M. and {Margon}, Bruce and {McGehee}, Peregrine and {McKay}, Timothy A. and {Meiksin}, Avery and {Merelli}, Aronne and {Monet}, David G. and {Munn}, Jeffrey A. and {Narayanan}, Vijay K. and {Nash}, Thomas and {Neilsen}, Eric and {Neswold}, Rich and {Newberg}, Heidi Jo and {Nichol}, R.~C. and {Nicinski}, Tom and {Nonino}, Mario and {Okada}, Norio and {Okamura}, Sadanori and {Ostriker}, Jeremiah P. and {Owen}, Russell and {Pauls}, A. George and {Peoples}, John and {Peterson}, R.~L. and {Petravick}, Donald and {Pier}, Jeffrey R. and {Pope}, Adrian and {Pordes}, Ruth and {Prosapio}, Angela and {Rechenmacher}, Ron and {Quinn}, Thomas R. and {Richards}, Gordon T. and {Richmond}, Michael W. and {Rivetta}, Claudio H. and {Rockosi}, Constance M. and {Ruthmansdorfer}, Kurt and {Sandford}, Dale and {Schlegel}, David J. and {Schneider}, Donald P. and {Sekiguchi}, Maki and {Sergey}, Gary and {Shimasaku}, Kazuhiro and {Siegmund}, Walter A. and {Smee}, Stephen and {Smith}, J. Allyn and {Snedden}, S. and {Stone}, R. and {Stoughton}, Chris and {Strauss}, Michael A. and {Stubbs}, Christopher and {SubbaRao}, Mark and {Szalay}, Alexander S. and {Szapudi}, Istvan and {Szokoly}, Gyula P. and {Thakar}, Anirudda R. and {Tremonti}, Christy and {Tucker}, Douglas L. and {Uomoto}, Alan and {Vanden Berk}, Dan and {Vogeley}, Michael S. and {Waddell}, Patrick and {Wang}, Shu-i. and {Watanabe}, Masaru and {Weinberg}, David H. and {Yanny}, Brian and {Yasuda}, Naoki and {SDSS Collaboration}},
        title = "{The Sloan Digital Sky Survey: Technical Summary}",
      journal = {\aj},
     keywords = {Cosmology: Observations, Instrumentation: Miscellaneous, Astrophysics},
         year = 2000,
        month = sep,
       volume = {120},
       number = {3},
        pages = {1579-1587},
          doi = {10.1086/301513},
archivePrefix = {arXiv},
       eprint = {astro-ph/0006396},
 primaryClass = {astro-ph},
       adsurl = {https://ui.adsabs.harvard.edu/abs/2000AJ....120.1579Y},
      adsnote = {Provided by the SAO/NASA Astrophysics Data System}
}



@ARTICLE{SDSS_2022,
       author = {{Abdurro'uf} and {Accetta}, Katherine and {Aerts}, Conny and {Silva Aguirre}, V{\'\i}ctor and {Ahumada}, Romina and {Ajgaonkar}, Nikhil and {Filiz Ak}, N. and {Alam}, Shadab and {Allende Prieto}, Carlos and {Almeida}, Andr{\'e}s and {Anders}, Friedrich and {Anderson}, Scott F. and {Andrews}, Brett H. and {Anguiano}, Borja and {Aquino-Ort{\'\i}z}, Erik and {Arag{\'o}n-Salamanca}, Alfonso and {Argudo-Fern{\'a}ndez}, Maria and {Ata}, Metin and {Aubert}, Marie and {Avila-Reese}, Vladimir and {Badenes}, Carles and {Barb{\'a}}, Rodolfo H. and {Barger}, Kat and {Barrera-Ballesteros}, Jorge K. and {Beaton}, Rachael L. and {Beers}, Timothy C. and {Belfiore}, Francesco and {Bender}, Chad F. and {Bernardi}, Mariangela and {Bershady}, Matthew A. and {Beutler}, Florian and {Bidin}, Christian Moni and {Bird}, Jonathan C. and {Bizyaev}, Dmitry and {Blanc}, Guillermo A. and {Blanton}, Michael R. and {Boardman}, Nicholas Fraser and {Bolton}, Adam S. and {Boquien}, M{\'e}d{\'e}ric and {Borissova}, Jura and {Bovy}, Jo and {Brandt}, W.~N. and {Brown}, Jordan and {Brownstein}, Joel R. and {Brusa}, Marcella and {Buchner}, Johannes and {Bundy}, Kevin and {Burchett}, Joseph N. and {Bureau}, Martin and {Burgasser}, Adam and {Cabang}, Tuesday K. and {Campbell}, Stephanie and {Cappellari}, Michele and {Carlberg}, Joleen K. and {Wanderley}, F{\'a}bio Carneiro and {Carrera}, Ricardo and {Cash}, Jennifer and {Chen}, Yan-Ping and {Chen}, Wei-Huai and {Cherinka}, Brian and {Chiappini}, Cristina and {Choi}, Peter Doohyun and {Chojnowski}, S. Drew and {Chung}, Haeun and {Clerc}, Nicolas and {Cohen}, Roger E. and {Comerford}, Julia M. and {Comparat}, Johan and {da Costa}, Luiz and {Covey}, Kevin and {Crane}, Jeffrey D. and {Cruz-Gonzalez}, Irene and {Culhane}, Connor and {Cunha}, Katia and {Dai}, Y. Sophia and {Damke}, Guillermo and {Darling}, Jeremy and {Davidson}, James W., Jr. and {Davies}, Roger and {Dawson}, Kyle and {De Lee}, Nathan and {Diamond-Stanic}, Aleksandar M. and {Cano-D{\'\i}az}, Mariana and {S{\'a}nchez}, Helena Dom{\'\i}nguez and {Donor}, John and {Duckworth}, Chris and {Dwelly}, Tom and {Eisenstein}, Daniel J. and {Elsworth}, Yvonne P. and {Emsellem}, Eric and {Eracleous}, Mike and {Escoffier}, Stephanie and {Fan}, Xiaohui and {Farr}, Emily and {Feng}, Shuai and {Fern{\'a}ndez-Trincado}, Jos{\'e} G. and {Feuillet}, Diane and {Filipp}, Andreas and {Fillingham}, Sean P. and {Frinchaboy}, Peter M. and {Fromenteau}, Sebastien and {Galbany}, Llu{\'\i}s and {Garc{\'\i}a}, Rafael A. and {Garc{\'\i}a-Hern{\'a}ndez}, D.~A. and {Ge}, Junqiang and {Geisler}, Doug and {Gelfand}, Joseph and {G{\'e}ron}, Tobias and {Gibson}, Benjamin J. and {Goddy}, Julian and {Godoy-Rivera}, Diego and {Grabowski}, Kathleen and {Green}, Paul J. and {Greener}, Michael and {Grier}, Catherine J. and {Griffith}, Emily and {Guo}, Hong and {Guy}, Julien and {Hadjara}, Massinissa and {Harding}, Paul and {Hasselquist}, Sten and {Hayes}, Christian R. and {Hearty}, Fred and {Hern{\'a}ndez}, Jes{\'u}s and {Hill}, Lewis and {Hogg}, David W. and {Holtzman}, Jon A. and {Horta}, Danny and {Hsieh}, Bau-Ching and {Hsu}, Chin-Hao and {Hsu}, Yun-Hsin and {Huber}, Daniel and {Huertas-Company}, Marc and {Hutchinson}, Brian and {Hwang}, Ho Seong and {Ibarra-Medel}, H{\'e}ctor J. and {Chitham}, Jacob Ider and {Ilha}, Gabriele S. and {Imig}, Julie and {Jaekle}, Will and {Jayasinghe}, Tharindu and {Ji}, Xihan and {Johnson}, Jennifer A. and {Jones}, Amy and {J{\"o}nsson}, Henrik and {Katkov}, Ivan and {Khalatyan}, Arman, Dr. and {Kinemuchi}, Karen and {Kisku}, Shobhit and {Knapen}, Johan H. and {Kneib}, Jean-Paul and {Kollmeier}, Juna A. and {Kong}, Miranda and {Kounkel}, Marina and {Kreckel}, Kathryn and {Krishnarao}, Dhanesh and {Lacerna}, Ivan and {Lane}, Richard R. and {Langgin}, Rachel and {Lavender}, Ramon and {Law}, David R. and {Lazarz}, Daniel and {Leung}, Henry W. and {Leung}, Ho-Hin and {Lewis}, Hannah M. and {Li}, Cheng and {Li}, Ran and {Lian}, Jianhui and {Liang}, Fu-Heng and {Lin}, Lihwai and {Lin}, Yen-Ting and {Lin}, Sicheng and {Lintott}, Chris and {Long}, Dan and {Longa-Pe{\~n}a}, Pen{\'e}lope and {L{\'o}pez-Cob{\'a}}, Carlos and {Lu}, Shengdong and {Lundgren}, Britt F. and {Luo}, Yuanze and {Mackereth}, J. Ted and {de la Macorra}, Axel and {Mahadevan}, Suvrath and {Majewski}, Steven R. and {Manchado}, Arturo and {Mandeville}, Travis and {Maraston}, Claudia and {Margalef-Bentabol}, Berta and {Masseron}, Thomas and {Masters}, Karen L. and {Mathur}, Savita and {McDermid}, Richard M. and {Mckay}, Myles and {Merloni}, Andrea and {Merrifield}, Michael and {Meszaros}, Szabolcs and {Miglio}, Andrea and {Di Mille}, Francesco and {Minniti}, Dante and {Minsley}, Rebecca and {Monachesi}, Antonela and {Moon}, Jeongin and {Mosser}, Benoit and {Mulchaey}, John and {Muna}, Demitri and {Mu{\~n}oz}, Ricardo R. and {Myers}, Adam D. and {Myers}, Natalie and {Nadathur}, Seshadri and {Nair}, Preethi and {Nandra}, Kirpal and {Neumann}, Justus and {Newman}, Jeffrey A. and {Nidever}, David L. and {Nikakhtar}, Farnik and {Nitschelm}, Christian and {O'Connell}, Julia E. and {Garma-Oehmichen}, Luis and {Luan Souza de Oliveira}, Gabriel and {Olney}, Richard and {Oravetz}, Daniel and {Ortigoza-Urdaneta}, Mario and {Osorio}, Yeisson and {Otter}, Justin and {Pace}, Zachary J. and {Padilla}, Nelson and {Pan}, Kaike and {Pan}, Hsi-An and {Parikh}, Taniya and {Parker}, James and {Peirani}, Sebastien and {Pe{\~n}a Ram{\'\i}rez}, Karla and {Penny}, Samantha and {Percival}, Will J. and {Perez-Fournon}, Ismael and {Pinsonneault}, Marc and {Poidevin}, Fr{\'e}d{\'e}rick and {Poovelil}, Vijith Jacob and {Price-Whelan}, Adrian M. and {B{\'a}rbara de Andrade Queiroz}, Anna and {Raddick}, M. Jordan and {Ray}, Amy and {Rembold}, Sandro Barboza and {Riddle}, Nicole and {Riffel}, Rogemar A. and {Riffel}, Rog{\'e}rio and {Rix}, Hans-Walter and {Robin}, Annie C. and {Rodr{\'\i}guez-Puebla}, Aldo and {Roman-Lopes}, Alexandre and {Rom{\'a}n-Z{\'u}{\~n}iga}, Carlos and {Rose}, Benjamin and {Ross}, Ashley J. and {Rossi}, Graziano and {Rubin}, Kate H.~R. and {Salvato}, Mara and {S{\'a}nchez}, Seb{\'a}stian F. and {S{\'a}nchez-Gallego}, Jos{\'e} R. and {Sanderson}, Robyn and {Santana Rojas}, Felipe Antonio and {Sarceno}, Edgar and {Sarmiento}, Regina and {Sayres}, Conor and {Sazonova}, Elizaveta and {Schaefer}, Adam L. and {Schiavon}, Ricardo and {Schlegel}, David J. and {Schneider}, Donald P. and {Schultheis}, Mathias and {Schwope}, Axel and {Serenelli}, Aldo and {Serna}, Javier and {Shao}, Zhengyi and {Shapiro}, Griffin and {Sharma}, Anubhav and {Shen}, Yue and {Shetrone}, Matthew and {Shu}, Yiping and {Simon}, Joshua D. and {Skrutskie}, M.~F. and {Smethurst}, Rebecca and {Smith}, Verne and {Sobeck}, Jennifer and {Spoo}, Taylor and {Sprague}, Dani and {Stark}, David V. and {Stassun}, Keivan G. and {Steinmetz}, Matthias and {Stello}, Dennis and {Stone-Martinez}, Alexander and {Storchi-Bergmann}, Thaisa and {Stringfellow}, Guy S. and {Stutz}, Amelia and {Su}, Yung-Chau and {Taghizadeh-Popp}, Manuchehr and {Talbot}, Michael S. and {Tayar}, Jamie and {Telles}, Eduardo and {Teske}, Johanna and {Thakar}, Ani and {Theissen}, Christopher and {Tkachenko}, Andrew and {Thomas}, Daniel and {Tojeiro}, Rita and {Hernandez Toledo}, Hector and {Troup}, Nicholas W. and {Trump}, Jonathan R. and {Trussler}, James and {Turner}, Jacqueline and {Tuttle}, Sarah and {Unda-Sanzana}, Eduardo and {V{\'a}zquez-Mata}, Jos{\'e} Antonio and {Valentini}, Marica and {Valenzuela}, Octavio and {Vargas-Gonz{\'a}lez}, Jaime and {Vargas-Maga{\~n}a}, Mariana and {Alfaro}, Pablo Vera and {Villanova}, Sandro and {Vincenzo}, Fiorenzo and {Wake}, David and {Warfield}, Jack T. and {Washington}, Jessica Diane and {Weaver}, Benjamin Alan and {Weijmans}, Anne-Marie and {Weinberg}, David H. and {Weiss}, Achim and {Westfall}, Kyle B. and {Wild}, Vivienne and {Wilde}, Matthew C. and {Wilson}, John C. and {Wilson}, Robert F. and {Wilson}, Mikayla and {Wolf}, Julien and {Wood-Vasey}, W.~M. and {Yan}, Renbin and {Zamora}, Olga and {Zasowski}, Gail and {Zhang}, Kai and {Zhao}, Cheng and {Zheng}, Zheng and {Zheng}, Zheng and {Zhu}, Kai},
        title = "{The Seventeenth Data Release of the Sloan Digital Sky Surveys: Complete Release of MaNGA, MaStar, and APOGEE-2 Data}",
      journal = {\apjs},
     keywords = {Astronomy data acquisition, Astronomy databases, Surveys, 1860, 83, 1671, Astrophysics - Astrophysics of Galaxies, Astrophysics - Instrumentation and Methods for Astrophysics},
         year = 2022,
        month = apr,
       volume = {259},
       number = {2},
          eid = {35},
        pages = {35},
          doi = {10.3847/1538-4365/ac4414},
archivePrefix = {arXiv},
       eprint = {2112.02026},
 primaryClass = {astro-ph.GA},
       adsurl = {https://ui.adsabs.harvard.edu/abs/2022ApJS..259...35A},
      adsnote = {Provided by the SAO/NASA Astrophysics Data System}
}

@ARTICLE{Lindegren_2018,
       author = {{Lindegren}, L. and {Hern{\'a}ndez}, J. and {Bombrun}, A. and {Klioner}, S. and {Bastian}, U. and {Ramos-Lerate}, M. and {de Torres}, A. and {Steidelm{\"u}ller}, H. and {Stephenson}, C. and {Hobbs}, D. and {Lammers}, U. and {Biermann}, M. and {Geyer}, R. and {Hilger}, T. and {Michalik}, D. and {Stampa}, U. and {McMillan}, P.~J. and {Casta{\~n}eda}, J. and {Clotet}, M. and {Comoretto}, G. and {Davidson}, M. and {Fabricius}, C. and {Gracia}, G. and {Hambly}, N.~C. and {Hutton}, A. and {Mora}, A. and {Portell}, J. and {van Leeuwen}, F. and {Abbas}, U. and {Abreu}, A. and {Altmann}, M. and {Andrei}, A. and {Anglada}, E. and {Balaguer-N{\'u}{\~n}ez}, L. and {Barache}, C. and {Becciani}, U. and {Bertone}, S. and {Bianchi}, L. and {Bouquillon}, S. and {Bourda}, G. and {Br{\"u}semeister}, T. and {Bucciarelli}, B. and {Busonero}, D. and {Buzzi}, R. and {Cancelliere}, R. and {Carlucci}, T. and {Charlot}, P. and {Cheek}, N. and {Crosta}, M. and {Crowley}, C. and {de Bruijne}, J. and {de Felice}, F. and {Drimmel}, R. and {Esquej}, P. and {Fienga}, A. and {Fraile}, E. and {Gai}, M. and {Garralda}, N. and {Gonz{\'a}lez-Vidal}, J.~J. and {Guerra}, R. and {Hauser}, M. and {Hofmann}, W. and {Holl}, B. and {Jordan}, S. and {Lattanzi}, M.~G. and {Lenhardt}, H. and {Liao}, S. and {Licata}, E. and {Lister}, T. and {L{\"o}ffler}, W. and {Marchant}, J. and {Martin-Fleitas}, J. -M. and {Messineo}, R. and {Mignard}, F. and {Morbidelli}, R. and {Poggio}, E. and {Riva}, A. and {Rowell}, N. and {Salguero}, E. and {Sarasso}, M. and {Sciacca}, E. and {Siddiqui}, H. and {Smart}, R.~L. and {Spagna}, A. and {Steele}, I. and {Taris}, F. and {Torra}, J. and {van Elteren}, A. and {van Reeven}, W. and {Vecchiato}, A.},
        title = "{Gaia Data Release 2. The astrometric solution}",
      journal = {\aap},
     keywords = {astrometry, parallaxes, proper motions, methods: data analysis, space vehicles: instruments, reference systems, Astrophysics - Instrumentation and Methods for Astrophysics},
         year = 2018,
        month = aug,
       volume = {616},
          eid = {A2},
        pages = {A2},
          doi = {10.1051/0004-6361/201832727},
archivePrefix = {arXiv},
       eprint = {1804.09366},
 primaryClass = {astro-ph.IM},
       adsurl = {https://ui.adsabs.harvard.edu/abs/2018A&A...616A...2L},
      adsnote = {Provided by the SAO/NASA Astrophysics Data System}
}

@ARTICLE{Gaia_2018,
       author = {{Gaia Collaboration} and {Babusiaux}, C. and {van Leeuwen}, F. and {Barstow}, M.~A. and {Jordi}, C. and {Vallenari}, A. and {Bossini}, D. and {Bressan}, A. and {Cantat-Gaudin}, T. and {van Leeuwen}, M. and {Brown}, A.~G.~A. and {Prusti}, T. and {de Bruijne}, J.~H.~J. and {Bailer-Jones}, C.~A.~L. and {Biermann}, M. and {Evans}, D.~W. and {Eyer}, L. and {Jansen}, F. and {Klioner}, S.~A. and {Lammers}, U. and {Lindegren}, L. and {Luri}, X. and {Mignard}, F. and {Panem}, C. and {Pourbaix}, D. and {Randich}, S. and {Sartoretti}, P. and {Siddiqui}, H.~I. and {Soubiran}, C. and {Walton}, N.~A. and {Arenou}, F. and {Bastian}, U. and {Cropper}, M. and {Drimmel}, R. and {Katz}, D. and {Lattanzi}, M.~G. and {Bakker}, J. and {Cacciari}, C. and {Casta{\~n}eda}, J. and {Chaoul}, L. and {Cheek}, N. and {De Angeli}, F. and {Fabricius}, C. and {Guerra}, R. and {Holl}, B. and {Masana}, E. and {Messineo}, R. and {Mowlavi}, N. and {Nienartowicz}, K. and {Panuzzo}, P. and {Portell}, J. and {Riello}, M. and {Seabroke}, G.~M. and {Tanga}, P. and {Th{\'e}venin}, F. and {Gracia-Abril}, G. and {Comoretto}, G. and {Garcia-Reinaldos}, M. and {Teyssier}, D. and {Altmann}, M. and {Andrae}, R. and {Audard}, M. and {Bellas-Velidis}, I. and {Benson}, K. and {Berthier}, J. and {Blomme}, R. and {Burgess}, P. and {Busso}, G. and {Carry}, B. and {Cellino}, A. and {Clementini}, G. and {Clotet}, M. and {Creevey}, O. and {Davidson}, M. and {De Ridder}, J. and {Delchambre}, L. and {Dell'Oro}, A. and {Ducourant}, C. and {Fern{\'a}ndez-Hern{\'a}ndez}, J. and {Fouesneau}, M. and {Fr{\'e}mat}, Y. and {Galluccio}, L. and {Garc{\'\i}a-Torres}, M. and {Gonz{\'a}lez-N{\'u}{\~n}ez}, J. and {Gonz{\'a}lez-Vidal}, J.~J. and {Gosset}, E. and {Guy}, L.~P. and {Halbwachs}, J. -L. and {Hambly}, N.~C. and {Harrison}, D.~L. and {Hern{\'a}ndez}, J. and {Hestroffer}, D. and {Hodgkin}, S.~T. and {Hutton}, A. and {Jasniewicz}, G. and {Jean-Antoine-Piccolo}, A. and {Jordan}, S. and {Korn}, A.~J. and {Krone-Martins}, A. and {Lanzafame}, A.~C. and {Lebzelter}, T. and {L{\"o}ffler}, W. and {Manteiga}, M. and {Marrese}, P.~M. and {Mart{\'\i}n-Fleitas}, J.~M. and {Moitinho}, A. and {Mora}, A. and {Muinonen}, K. and {Osinde}, J. and {Pancino}, E. and {Pauwels}, T. and {Petit}, J. -M. and {Recio-Blanco}, A. and {Richards}, P.~J. and {Rimoldini}, L. and {Robin}, A.~C. and {Sarro}, L.~M. and {Siopis}, C. and {Smith}, M. and {Sozzetti}, A. and {S{\"u}veges}, M. and {Torra}, J. and {van Reeven}, W. and {Abbas}, U. and {Abreu Aramburu}, A. and {Accart}, S. and {Aerts}, C. and {Altavilla}, G. and {{\'A}lvarez}, M.~A. and {Alvarez}, R. and {Alves}, J. and {Anderson}, R.~I. and {Andrei}, A.~H. and {Anglada Varela}, E. and {Antiche}, E. and {Antoja}, T. and {Arcay}, B. and {Astraatmadja}, T.~L. and {Bach}, N. and {Baker}, S.~G. and {Balaguer-N{\'u}{\~n}ez}, L. and {Balm}, P. and {Barache}, C. and {Barata}, C. and {Barbato}, D. and {Barblan}, F. and {Barklem}, P.~S. and {Barrado}, D. and {Barros}, M. and {Bartholom{\'e} Mu{\~n}oz}, L. and {Bassilana}, J. -L. and {Becciani}, U. and {Bellazzini}, M. and {Berihuete}, A. and {Bertone}, S. and {Bianchi}, L. and {Bienaym{\'e}}, O. and {Blanco-Cuaresma}, S. and {Boch}, T. and {Boeche}, C. and {Bombrun}, A. and {Borrachero}, R. and {Bouquillon}, S. and {Bourda}, G. and {Bragaglia}, A. and {Bramante}, L. and {Breddels}, M.~A. and {Brouillet}, N. and {Br{\"u}semeister}, T. and {Brugaletta}, E. and {Bucciarelli}, B. and {Burlacu}, A. and {Busonero}, D. and {Butkevich}, A.~G. and {Buzzi}, R. and {Caffau}, E. and {Cancelliere}, R. and {Cannizzaro}, G. and {Carballo}, R. and {Carlucci}, T. and {Carrasco}, J.~M. and {Casamiquela}, L. and {Castellani}, M. and {Castro-Ginard}, A. and {Charlot}, P. and {Chemin}, L. and {Chiavassa}, A. and {Cocozza}, G. and {Costigan}, G. and {Cowell}, S. and {Crifo}, F. and {Crosta}, M. and {Crowley}, C. and {Cuypers}, J. and {Dafonte}, C. and {Damerdji}, Y. and {Dapergolas}, A. and {David}, P. and {David}, M. and {de Laverny}, P.},
        title = "{Gaia Data Release 2. Observational Hertzsprung-Russell diagrams}",
      journal = {\aap},
     keywords = {parallaxes, Hertzsprung-Russell and C-M diagrams, solar neighborhood, stars: evolution, Astrophysics - Solar and Stellar Astrophysics, Astrophysics - Astrophysics of Galaxies},
         year = 2018,
        month = aug,
       volume = {616},
          eid = {A10},
        pages = {A10},
          doi = {10.1051/0004-6361/201832843},
archivePrefix = {arXiv},
       eprint = {1804.09378},
 primaryClass = {astro-ph.SR},
       adsurl = {https://ui.adsabs.harvard.edu/abs/2018A&A...616A..10G},
      adsnote = {Provided by the SAO/NASA Astrophysics Data System}
}



@ARTICLE{DESI_BGS_2023,
       author = {{Hahn}, ChangHoon and {Wilson}, Michael J. and {Ruiz-Macias}, Omar and {Cole}, Shaun and {Weinberg}, David H. and {Moustakas}, John and {Kremin}, Anthony and {Tinker}, Jeremy L. and {Smith}, Alex and {Wechsler}, Risa H. and {Ahlen}, Steven and {Alam}, Shadab and {Bailey}, Stephen and {Brooks}, David and {Cooper}, Andrew P. and {Davis}, Tamara M. and {Dawson}, Kyle and {Dey}, Arjun and {Dey}, Biprateep and {Eftekharzadeh}, Sarah and {Eisenstein}, Daniel J. and {Fanning}, Kevin and {Forero-Romero}, Jaime E. and {Frenk}, Carlos S. and {Gazta{\~n}aga}, Enrique and {A Gontcho}, Satya Gontcho and {Guy}, Julien and {Honscheid}, Klaus and {Ishak}, Mustapha and {Juneau}, St{\'e}phanie and {Kehoe}, Robert and {Kisner}, Theodore and {Lan}, Ting-Wen and {Landriau}, Martin and {Le Guillou}, Laurent and {Levi}, Michael E. and {Magneville}, Christophe and {Martini}, Paul and {Meisner}, Aaron and {Myers}, Adam D. and {Nie}, Jundan and {Norberg}, Peder and {Palanque-Delabrouille}, Nathalie and {Percival}, Will J. and {Poppett}, Claire and {Prada}, Francisco and {Raichoor}, Anand and {Ross}, Ashley J. and {Gaines}, Sasha and {Saulder}, Christoph and {Schlafly}, Eddie and {Schlegel}, David and {Sierra-Porta}, David and {Tarle}, Gregory and {Weaver}, Benjamin A. and {Y{\`e}che}, Christophe and {Zarrouk}, Pauline and {Zhou}, Rongpu and {Zhou}, Zhimin and {Zou}, Hu},
        title = "{The DESI Bright Galaxy Survey: Final Target Selection, Design, and Validation}",
      journal = {\aj},
     keywords = {Observational cosmology, Cosmology, Redshift surveys, Galaxies, Galactic and extragalactic astronomy, Galaxy spectroscopy, Spectrophotometry, 1146, 343, 1378, 573, 563, 2171, 1556, Astrophysics - Cosmology and Nongalactic Astrophysics, Astrophysics - Astrophysics of Galaxies},
         year = 2023,
        month = jun,
       volume = {165},
       number = {6},
          eid = {253},
        pages = {253},
          doi = {10.3847/1538-3881/accff8},
archivePrefix = {arXiv},
       eprint = {2208.08512},
 primaryClass = {astro-ph.CO},
       adsurl = {https://ui.adsabs.harvard.edu/abs/2023AJ....165..253H},
      adsnote = {Provided by the SAO/NASA Astrophysics Data System}
}



@ARTICLE{DESI_LRG_2023,
       author = {{Zhou}, Rongpu and {Dey}, Biprateep and {Newman}, Jeffrey A. and {Eisenstein}, Daniel J. and {Dawson}, K. and {Bailey}, S. and {Berti}, A. and {Guy}, J. and {Lan}, Ting-Wen and {Zou}, H. and {Aguilar}, J. and {Ahlen}, S. and {Alam}, Shadab and {Brooks}, D. and {de la Macorra}, A. and {Dey}, A. and {Dhungana}, G. and {Fanning}, K. and {Font-Ribera}, A. and {Gontcho}, S. Gontcho A. and {Honscheid}, K. and {Ishak}, Mustapha and {Kisner}, T. and {Kov{\'a}cs}, A. and {Kremin}, A. and {Landriau}, M. and {Levi}, Michael E. and {Magneville}, C. and {Manera}, Marc and {Martini}, P. and {Meisner}, Aaron M. and {Miquel}, R. and {Moustakas}, J. and {Myers}, Adam D. and {Nie}, Jundan and {Palanque-Delabrouille}, N. and {Percival}, W.~J. and {Poppett}, C. and {Prada}, F. and {Raichoor}, A. and {Ross}, A.~J. and {Schlafly}, E. and {Schlegel}, D. and {Schubnell}, M. and {Tarl{\'e}}, Gregory and {Weaver}, B.~A. and {Wechsler}, R.~H. and {Y{\'e}che}, Christophe and {Zhou}, Zhimin},
        title = "{Target Selection and Validation of DESI Luminous Red Galaxies}",
      journal = {\aj},
     keywords = {Cosmology, Redshift surveys, 343, 1378, Astrophysics - Cosmology and Nongalactic Astrophysics, Astrophysics - Astrophysics of Galaxies},
         year = 2023,
        month = feb,
       volume = {165},
       number = {2},
          eid = {58},
        pages = {58},
          doi = {10.3847/1538-3881/aca5fb},
archivePrefix = {arXiv},
       eprint = {2208.08515},
 primaryClass = {astro-ph.CO},
       adsurl = {https://ui.adsabs.harvard.edu/abs/2023AJ....165...58Z},
      adsnote = {Provided by the SAO/NASA Astrophysics Data System}
}

@ARTICLE{DESI_ELG_2023,
       author = {{Raichoor}, A. and {Moustakas}, J. and {Newman}, Jeffrey A. and {Karim}, T. and {Ahlen}, S. and {Alam}, Shadab and {Bailey}, S. and {Brooks}, D. and {Dawson}, K. and {de la Macorra}, A. and {de Mattia}, A. and {Dey}, A. and {Dey}, Biprateep and {Dhungana}, G. and {Eftekharzadeh}, S. and {Eisenstein}, D.~J. and {Fanning}, K. and {Font-Ribera}, A. and {Garc{\'\i}a-Bellido}, J. and {Gazta{\~n}aga}, E. and {A Gontcho}, S. Gontcho and {Guy}, J. and {Honscheid}, K. and {Ishak}, M. and {Kehoe}, R. and {Kisner}, T. and {Kremin}, Anthony and {Lan}, Ting-Wen and {Landriau}, M. and {Le Guillou}, L. and {Levi}, Michael E. and {Magneville}, C. and {Manera}, M. and {Martini}, P. and {Meisner}, Aaron M. and {Myers}, Adam D. and {Nie}, Jundan and {Palanque-Delabrouille}, N. and {Percival}, W.~J. and {Poppett}, C. and {Prada}, F. and {Ross}, A.~J. and {Ruhlmann-Kleider}, V. and {Sabiu}, C.~G. and {Schlafly}, E.~F. and {Schlegel}, D. and {Tarl{\'e}}, Gregory and {Weaver}, B.~A. and {Y{\`e}che}, Christophe and {Zhou}, Rongpu and {Zhou}, Zhimin and {Zou}, H.},
        title = "{Target Selection and Validation of DESI Emission Line Galaxies}",
      journal = {\aj},
     keywords = {Emission line galaxies, Surveys, Large-scale structure of the universe, 459, 1671, 902, Astrophysics - Cosmology and Nongalactic Astrophysics},
         year = 2023,
        month = mar,
       volume = {165},
       number = {3},
          eid = {126},
        pages = {126},
          doi = {10.3847/1538-3881/acb213},
archivePrefix = {arXiv},
       eprint = {2208.08513},
 primaryClass = {astro-ph.CO},
       adsurl = {https://ui.adsabs.harvard.edu/abs/2023AJ....165..126R},
      adsnote = {Provided by the SAO/NASA Astrophysics Data System}
}

@ARTICLE{DESI_QSO_2023,
       author = {{Chaussidon}, Edmond and {Y{\`e}che}, Christophe and {Palanque-Delabrouille}, Nathalie and {Alexander}, David M. and {Yang}, Jinyi and {Ahlen}, Steven and {Bailey}, Stephen and {Brooks}, David and {Cai}, Zheng and {Chabanier}, Sol{\`e}ne and {Davis}, Tamara M. and {Dawson}, Kyle and {de laMacorra}, Axel and {Dey}, Arjun and {Dey}, Biprateep and {Eftekharzadeh}, Sarah and {Eisenstein}, Daniel J. and {Fanning}, Kevin and {Font-Ribera}, Andreu and {Gazta{\~n}aga}, Enrique and {A Gontcho}, Satya Gontcho and {Gonzalez-Morales}, Alma X. and {Guy}, Julien and {Herrera-Alcantar}, Hiram K. and {Honscheid}, Klaus and {Ishak}, Mustapha and {Jiang}, Linhua and {Juneau}, Stephanie and {Kehoe}, Robert and {Kisner}, Theodore and {Kov{\'a}cs}, Andras and {Kremin}, Anthony and {Lan}, Ting-Wen and {Landriau}, Martin and {Le Guillou}, Laurent and {Levi}, Michael E. and {Magneville}, Christophe and {Martini}, Paul and {Meisner}, Aaron M. and {Moustakas}, John and {Mu{\~n}oz-Guti{\'e}rrez}, Andrea and {Myers}, Adam D. and {Newman}, Jeffrey A. and {Nie}, Jundan and {Percival}, Will J. and {Poppett}, Claire and {Prada}, Francisco and {Raichoor}, Anand and {Ravoux}, Corentin and {Ross}, Ashley J. and {Schlafly}, Edward and {Schlegel}, David and {Tan}, Ting and {Tarl{\'e}}, Gregory and {Zhou}, Rongpu and {Zhou}, Zhimin and {Zou}, Hu},
        title = "{Target Selection and Validation of DESI Quasars}",
      journal = {\apj},
     keywords = {Quasars, Redshift surveys, Sky surveys, 1319, 1378, 1464, Astrophysics - Cosmology and Nongalactic Astrophysics},
         year = 2023,
        month = feb,
       volume = {944},
       number = {1},
          eid = {107},
        pages = {107},
          doi = {10.3847/1538-4357/acb3c2},
archivePrefix = {arXiv},
       eprint = {2208.08511},
 primaryClass = {astro-ph.CO},
       adsurl = {https://ui.adsabs.harvard.edu/abs/2023ApJ...944..107C},
      adsnote = {Provided by the SAO/NASA Astrophysics Data System}
}

@ARTICLE{DESI_QSO_VI_2023,
       author = {{Alexander}, David M. and {Davis}, Tamara M. and {Chaussidon}, E. and {Fawcett}, V.~A. and {X. Gonzalez-Morales}, Alma and {Lan}, Ting-Wen and {Y{\`e}che}, Christophe and {Ahlen}, S. and {Aguilar}, J.~N. and {Armengaud}, E. and {Bailey}, S. and {Brooks}, D. and {Cai}, Z. and {Canning}, R. and {Carr}, A. and {Chabanier}, S. and {Cousinou}, Marie-Claude and {Dawson}, K. and {de la Macorra}, A. and {Dey}, A. and {Dey}, Biprateep and {Dhungana}, G. and {Edge}, A.~C. and {Eftekharzadeh}, S. and {Fanning}, K. and {Farr}, James and {Font-Ribera}, A. and {Garcia-Bellido}, J. and {Garrison}, Lehman and {Gazta{\~n}aga}, E. and {A Gontcho}, Satya Gontcho and {Gordon}, C. and {Medellin Gonzalez}, Stefany Guadalupe and {Guy}, J. and {Herrera-Alcantar}, Hiram K. and {Jiang}, L. and {Juneau}, S. and {Kara{\c{c}}ayl{\i}}, N.~G. and {Kehoe}, R. and {Kisner}, T. and {Kov{\'a}cs}, A. and {Landriau}, M. and {Levi}, Michael E. and {Magneville}, C. and {Martini}, P. and {Meisner}, Aaron M. and {Mezcua}, M. and {Miquel}, R. and {Camacho}, P. Montero and {Moustakas}, J. and {Mu{\~n}oz-Guti{\'e}rrez}, Andrea and {Myers}, Adam D. and {Nadathur}, S. and {Napolitano}, L. and {Nie}, J.~D. and {Palanque-Delabrouille}, N. and {Pan}, Z. and {Percival}, W.~J. and {P{\'e}rez-R{\`a}fols}, I. and {Poppett}, C. and {Prada}, F. and {Ram{\'\i}rez-P{\'e}rez}, C{\'e}sar and {Ravoux}, C. and {Rosario}, D.~J. and {Schubnell}, M. and {Tarl{\'e}}, Gregory and {Walther}, M. and {Weiner}, B. and {Youles}, S. and {Zhou}, Zhimin and {Zou}, H. and {Zou}, Siwei},
        title = "{The DESI Survey Validation: Results from Visual Inspection of the Quasar Survey Spectra}",
      journal = {\aj},
     keywords = {Quasars, Cosmology, Observational cosmology, 1319, 343, 1146, Astrophysics - Astrophysics of Galaxies, Astrophysics - Cosmology and Nongalactic Astrophysics},
         year = 2023,
        month = mar,
       volume = {165},
       number = {3},
          eid = {124},
        pages = {124},
          doi = {10.3847/1538-3881/acacfc},
archivePrefix = {arXiv},
       eprint = {2208.08517},
 primaryClass = {astro-ph.GA},
       adsurl = {https://ui.adsabs.harvard.edu/abs/2023AJ....165..124A},
      adsnote = {Provided by the SAO/NASA Astrophysics Data System}
}

@ARTICLE{Gaia_2016,
       author = {{Gaia Collaboration} and {Prusti}, T. and {de Bruijne}, J.~H.~J. and {Brown}, A.~G.~A. and {Vallenari}, A. and {Babusiaux}, C. and {Bailer-Jones}, C.~A.~L. and {Bastian}, U. and {Biermann}, M. and {Evans}, D.~W. and {Eyer}, L. and {Jansen}, F. and {Jordi}, C. and {Klioner}, S.~A. and {Lammers}, U. and {Lindegren}, L. and {Luri}, X. and {Mignard}, F. and {Milligan}, D.~J. and {Panem}, C. and {Poinsignon}, V. and {Pourbaix}, D. and {Randich}, S. and {Sarri}, G. and {Sartoretti}, P. and {Siddiqui}, H.~I. and {Soubiran}, C. and {Valette}, V. and {van Leeuwen}, F. and {Walton}, N.~A. and {Aerts}, C. and {Arenou}, F. and {Cropper}, M. and {Drimmel}, R. and {H{\o}g}, E. and {Katz}, D. and {Lattanzi}, M.~G. and {O'Mullane}, W. and {Grebel}, E.~K. and {Holland}, A.~D. and {Huc}, C. and {Passot}, X. and {Bramante}, L. and {Cacciari}, C. and {Casta{\~n}eda}, J. and {Chaoul}, L. and {Cheek}, N. and {De Angeli}, F. and {Fabricius}, C. and {Guerra}, R. and {Hern{\'a}ndez}, J. and {Jean-Antoine-Piccolo}, A. and {Masana}, E. and {Messineo}, R. and {Mowlavi}, N. and {Nienartowicz}, K. and {Ord{\'o}{\~n}ez-Blanco}, D. and {Panuzzo}, P. and {Portell}, J. and {Richards}, P.~J. and {Riello}, M. and {Seabroke}, G.~M. and {Tanga}, P. and {Th{\'e}venin}, F. and {Torra}, J. and {Els}, S.~G. and {Gracia-Abril}, G. and {Comoretto}, G. and {Garcia-Reinaldos}, M. and {Lock}, T. and {Mercier}, E. and {Altmann}, M. and {Andrae}, R. and {Astraatmadja}, T.~L. and {Bellas-Velidis}, I. and {Benson}, K. and {Berthier}, J. and {Blomme}, R. and {Busso}, G. and {Carry}, B. and {Cellino}, A. and {Clementini}, G. and {Cowell}, S. and {Creevey}, O. and {Cuypers}, J. and {Davidson}, M. and {De Ridder}, J. and {de Torres}, A. and {Delchambre}, L. and {Dell'Oro}, A. and {Ducourant}, C. and {Fr{\'e}mat}, Y. and {Garc{\'\i}a-Torres}, M. and {Gosset}, E. and {Halbwachs}, J. -L. and {Hambly}, N.~C. and {Harrison}, D.~L. and {Hauser}, M. and {Hestroffer}, D. and {Hodgkin}, S.~T. and {Huckle}, H.~E. and {Hutton}, A. and {Jasniewicz}, G. and {Jordan}, S. and {Kontizas}, M. and {Korn}, A.~J. and {Lanzafame}, A.~C. and {Manteiga}, M. and {Moitinho}, A. and {Muinonen}, K. and {Osinde}, J. and {Pancino}, E. and {Pauwels}, T. and {Petit}, J. -M. and {Recio-Blanco}, A. and {Robin}, A.~C. and {Sarro}, L.~M. and {Siopis}, C. and {Smith}, M. and {Smith}, K.~W. and {Sozzetti}, A. and {Thuillot}, W. and {van Reeven}, W. and {Viala}, Y. and {Abbas}, U. and {Abreu Aramburu}, A. and {Accart}, S. and {Aguado}, J.~J. and {Allan}, P.~M. and {Allasia}, W. and {Altavilla}, G. and {{\'A}lvarez}, M.~A. and {Alves}, J. and {Anderson}, R.~I. and {Andrei}, A.~H. and {Anglada Varela}, E. and {Antiche}, E. and {Antoja}, T. and {Ant{\'o}n}, S. and {Arcay}, B. and {Atzei}, A. and {Ayache}, L. and {Bach}, N. and {Baker}, S.~G. and {Balaguer-N{\'u}{\~n}ez}, L. and {Barache}, C. and {Barata}, C. and {Barbier}, A. and {Barblan}, F. and {Baroni}, M. and {Barrado y Navascu{\'e}s}, D. and {Barros}, M. and {Barstow}, M.~A. and {Becciani}, U. and {Bellazzini}, M. and {Bellei}, G. and {Bello Garc{\'\i}a}, A. and {Belokurov}, V. and {Bendjoya}, P. and {Berihuete}, A. and {Bianchi}, L. and {Bienaym{\'e}}, O. and {Billebaud}, F. and {Blagorodnova}, N. and {Blanco-Cuaresma}, S. and {Boch}, T. and {Bombrun}, A. and {Borrachero}, R. and {Bouquillon}, S. and {Bourda}, G. and {Bouy}, H. and {Bragaglia}, A. and {Breddels}, M.~A. and {Brouillet}, N. and {Br{\"u}semeister}, T. and {Bucciarelli}, B. and {Budnik}, F. and {Burgess}, P. and {Burgon}, R. and {Burlacu}, A. and {Busonero}, D. and {Buzzi}, R. and {Caffau}, E. and {Cambras}, J. and {Campbell}, H. and {Cancelliere}, R. and {Cantat-Gaudin}, T. and {Carlucci}, T. and {Carrasco}, J.~M. and {Castellani}, M. and {Charlot}, P. and {Charnas}, J. and {Charvet}, P. and {Chassat}, F. and {Chiavassa}, A. and {Clotet}, M. and {Cocozza}, G. and {Collins}, R.~S. and {Collins}, P. and {Costigan}, G.},
        title = "{The Gaia mission}",
      journal = {\aap},
     keywords = {space vehicles: instruments, Galaxy: structure, astrometry, parallaxes, proper motions, telescopes, Astrophysics - Instrumentation and Methods for Astrophysics},
         year = 2016,
        month = nov,
       volume = {595},
          eid = {A1},
        pages = {A1},
          doi = {10.1051/0004-6361/201629272},
archivePrefix = {arXiv},
       eprint = {1609.04153},
 primaryClass = {astro-ph.IM},
       adsurl = {https://ui.adsabs.harvard.edu/abs/2016A&A...595A...1G},
      adsnote = {Provided by the SAO/NASA Astrophysics Data System}
}



@ARTICLE{GaiaDR3_2023,
       author = {{Gaia Collaboration} and {Vallenari}, A. and {Brown}, A.~G.~A. and {Prusti}, T. and {de Bruijne}, J.~H.~J. and {Arenou}, F. and {Babusiaux}, C. and {Biermann}, M. and {Creevey}, O.~L. and {Ducourant}, C. and {Evans}, D.~W. and {Eyer}, L. and {Guerra}, R. and {Hutton}, A. and {Jordi}, C. and {Klioner}, S.~A. and {Lammers}, U.~L. and {Lindegren}, L. and {Luri}, X. and {Mignard}, F. and {Panem}, C. and {Pourbaix}, D. and {Randich}, S. and {Sartoretti}, P. and {Soubiran}, C. and {Tanga}, P. and {Walton}, N.~A. and {Bailer-Jones}, C.~A.~L. and {Bastian}, U. and {Drimmel}, R. and {Jansen}, F. and {Katz}, D. and {Lattanzi}, M.~G. and {van Leeuwen}, F. and {Bakker}, J. and {Cacciari}, C. and {Casta{\~n}eda}, J. and {De Angeli}, F. and {Fabricius}, C. and {Fouesneau}, M. and {Fr{\'e}mat}, Y. and {Galluccio}, L. and {Guerrier}, A. and {Heiter}, U. and {Masana}, E. and {Messineo}, R. and {Mowlavi}, N. and {Nicolas}, C. and {Nienartowicz}, K. and {Pailler}, F. and {Panuzzo}, P. and {Riclet}, F. and {Roux}, W. and {Seabroke}, G.~M. and {Sordo}, R. and {Th{\'e}venin}, F. and {Gracia-Abril}, G. and {Portell}, J. and {Teyssier}, D. and {Altmann}, M. and {Andrae}, R. and {Audard}, M. and {Bellas-Velidis}, I. and {Benson}, K. and {Berthier}, J. and {Blomme}, R. and {Burgess}, P.~W. and {Busonero}, D. and {Busso}, G. and {C{\'a}novas}, H. and {Carry}, B. and {Cellino}, A. and {Cheek}, N. and {Clementini}, G. and {Damerdji}, Y. and {Davidson}, M. and {de Teodoro}, P. and {Nu{\~n}ez Campos}, M. and {Delchambre}, L. and {Dell'Oro}, A. and {Esquej}, P. and {Fern{\'a}ndez-Hern{\'a}ndez}, J. and {Fraile}, E. and {Garabato}, D. and {Garc{\'\i}a-Lario}, P. and {Gosset}, E. and {Haigron}, R. and {Halbwachs}, J. -L. and {Hambly}, N.~C. and {Harrison}, D.~L. and {Hern{\'a}ndez}, J. and {Hestroffer}, D. and {Hodgkin}, S.~T. and {Holl}, B. and {Jan{\ss}en}, K. and {Jevardat de Fombelle}, G. and {Jordan}, S. and {Krone-Martins}, A. and {Lanzafame}, A.~C. and {L{\"o}ffler}, W. and {Marchal}, O. and {Marrese}, P.~M. and {Moitinho}, A. and {Muinonen}, K. and {Osborne}, P. and {Pancino}, E. and {Pauwels}, T. and {Recio-Blanco}, A. and {Reyl{\'e}}, C. and {Riello}, M. and {Rimoldini}, L. and {Roegiers}, T. and {Rybizki}, J. and {Sarro}, L.~M. and {Siopis}, C. and {Smith}, M. and {Sozzetti}, A. and {Utrilla}, E. and {van Leeuwen}, M. and {Abbas}, U. and {{\'A}brah{\'a}m}, P. and {Abreu Aramburu}, A. and {Aerts}, C. and {Aguado}, J.~J. and {Ajaj}, M. and {Aldea-Montero}, F. and {Altavilla}, G. and {{\'A}lvarez}, M.~A. and {Alves}, J. and {Anders}, F. and {Anderson}, R.~I. and {Anglada Varela}, E. and {Antoja}, T. and {Baines}, D. and {Baker}, S.~G. and {Balaguer-N{\'u}{\~n}ez}, L. and {Balbinot}, E. and {Balog}, Z. and {Barache}, C. and {Barbato}, D. and {Barros}, M. and {Barstow}, M.~A. and {Bartolom{\'e}}, S. and {Bassilana}, J. -L. and {Bauchet}, N. and {Becciani}, U. and {Bellazzini}, M. and {Berihuete}, A. and {Bernet}, M. and {Bertone}, S. and {Bianchi}, L. and {Binnenfeld}, A. and {Blanco-Cuaresma}, S. and {Blazere}, A. and {Boch}, T. and {Bombrun}, A. and {Bossini}, D. and {Bouquillon}, S. and {Bragaglia}, A. and {Bramante}, L. and {Breedt}, E. and {Bressan}, A. and {Brouillet}, N. and {Brugaletta}, E. and {Bucciarelli}, B. and {Burlacu}, A. and {Butkevich}, A.~G. and {Buzzi}, R. and {Caffau}, E. and {Cancelliere}, R. and {Cantat-Gaudin}, T. and {Carballo}, R. and {Carlucci}, T. and {Carnerero}, M.~I. and {Carrasco}, J.~M. and {Casamiquela}, L. and {Castellani}, M. and {Castro-Ginard}, A. and {Chaoul}, L. and {Charlot}, P. and {Chemin}, L. and {Chiaramida}, V. and {Chiavassa}, A. and {Chornay}, N. and {Comoretto}, G. and {Contursi}, G. and {Cooper}, W.~J. and {Cornez}, T. and {Cowell}, S. and {Crifo}, F. and {Cropper}, M. and {Crosta}, M. and {Crowley}, C. and {Dafonte}, C. and {Dapergolas}, A. and {David}, M. and {David}, P. and {de Laverny}, P. and {De Luise}, F. and {De March}, R. and {De Ridder}, J. and {de Souza}, R. and {de Torres}, A. and {del Peloso}, E.~F. and {del Pozo}, E. and {Delbo}, M. and {Delgado}, A. and {Delisle}, J. -B. and {Demouchy}, C. and {Dharmawardena}, T.~E. and {Di Matteo}, P. and {Diakite}, S. and {Diener}, C. and {Distefano}, E. and {Dolding}, C. and {Edvardsson}, B. and {Enke}, H. and {Fabre}, C. and {Fabrizio}, M. and {Faigler}, S. and {Fedorets}, G. and {Fernique}, P. and {Fienga}, A. and {Figueras}, F. and {Fournier}, Y. and {Fouron}, C. and {Fragkoudi}, F. and {Gai}, M. and {Garcia-Gutierrez}, A. and {Garcia-Reinaldos}, M. and {Garc{\'\i}a-Torres}, M. and {Garofalo}, A. and {Gavel}, A. and {Gavras}, P. and {Gerlach}, E. and {Geyer}, R. and {Giacobbe}, P. and {Gilmore}, G. and {Girona}, S. and {Giuffrida}, G. and {Gomel}, R. and {Gomez}, A. and {Gonz{\'a}lez-N{\'u}{\~n}ez}, J. and {Gonz{\'a}lez-Santamar{\'\i}a}, I. and {Gonz{\'a}lez-Vidal}, J.~J. and {Granvik}, M. and {Guillout}, P. and {Guiraud}, J. and {Guti{\'e}rrez-S{\'a}nchez}, R. and {Guy}, L.~P. and {Hatzidimitriou}, D. and {Hauser}, M. and {Haywood}, M. and {Helmer}, A. and {Helmi}, A. and {Sarmiento}, M.~H. and {Hidalgo}, S.~L. and {Hilger}, T. and {H{\l}adczuk}, N. and {Hobbs}, D. and {Holland}, G. and {Huckle}, H.~E. and {Jardine}, K. and {Jasniewicz}, G. and {Jean-Antoine Piccolo}, A. and {Jim{\'e}nez-Arranz}, {\'O}. and {Jorissen}, A. and {Juaristi Campillo}, J. and {Julbe}, F. and {Karbevska}, L. and {Kervella}, P. and {Khanna}, S. and {Kontizas}, M. and {Kordopatis}, G. and {Korn}, A.~J. and {K{\'o}sp{\'a}l}, {\'A}. and {Kostrzewa-Rutkowska}, Z. and {Kruszy{\'n}ska}, K. and {Kun}, M. and {Laizeau}, P. and {Lambert}, S. and {Lanza}, A.~F. and {Lasne}, Y. and {Le Campion}, J. -F. and {Lebreton}, Y. and {Lebzelter}, T. and {Leccia}, S. and {Leclerc}, N. and {Lecoeur-Taibi}, I. and {Liao}, S. and {Licata}, E.~L. and {Lindstr{\o}m}, H.~E.~P. and {Lister}, T.~A. and {Livanou}, E. and {Lobel}, A. and {Lorca}, A. and {Loup}, C. and {Madrero Pardo}, P. and {Magdaleno Romeo}, A. and {Managau}, S. and {Mann}, R.~G. and {Manteiga}, M. and {Marchant}, J.~M. and {Marconi}, M. and {Marcos}, J. and {Marcos Santos}, M.~M.~S. and {Mar{\'\i}n Pina}, D. and {Marinoni}, S. and {Marocco}, F. and {Marshall}, D.~J. and {Martin Polo}, L. and {Mart{\'\i}n-Fleitas}, J.~M. and {Marton}, G. and {Mary}, N. and {Masip}, A. and {Massari}, D. and {Mastrobuono-Battisti}, A. and {Mazeh}, T. and {McMillan}, P.~J. and {Messina}, S. and {Michalik}, D. and {Millar}, N.~R. and {Mints}, A. and {Molina}, D. and {Molinaro}, R. and {Moln{\'a}r}, L. and {Monari}, G. and {Mongui{\'o}}, M. and {Montegriffo}, P. and {Montero}, A. and {Mor}, R. and {Mora}, A. and {Morbidelli}, R. and {Morel}, T. and {Morris}, D. and {Muraveva}, T. and {Murphy}, C.~P. and {Musella}, I. and {Nagy}, Z. and {Noval}, L. and {Oca{\~n}a}, F. and {Ogden}, A. and {Ordenovic}, C. and {Osinde}, J.~O. and {Pagani}, C. and {Pagano}, I. and {Palaversa}, L. and {Palicio}, P.~A. and {Pallas-Quintela}, L. and {Panahi}, A. and {Payne-Wardenaar}, S. and {Pe{\~n}alosa Esteller}, X. and {Penttil{\"a}}, A. and {Pichon}, B. and {Piersimoni}, A.~M. and {Pineau}, F. -X. and {Plachy}, E. and {Plum}, G. and {Poggio}, E. and {Pr{\v{s}}a}, A. and {Pulone}, L. and {Racero}, E. and {Ragaini}, S. and {Rainer}, M. and {Raiteri}, C.~M. and {Rambaux}, N. and {Ramos}, P. and {Ramos-Lerate}, M. and {Re Fiorentin}, P. and {Regibo}, S. and {Richards}, P.~J. and {Rios Diaz}, C. and {Ripepi}, V. and {Riva}, A. and {Rix}, H. -W. and {Rixon}, G. and {Robichon}, N. and {Robin}, A.~C. and {Robin}, C. and {Roelens}, M. and {Rogues}, H.~R.~O. and {Rohrbasser}, L. and {Romero-G{\'o}mez}, M. and {Rowell}, N. and {Royer}, F. and {Ruz Mieres}, D. and {Rybicki}, K.~A. and {Sadowski}, G. and {S{\'a}ez N{\'u}{\~n}ez}, A. and {Sagrist{\`a} Sell{\'e}s}, A. and {Sahlmann}, J. and {Salguero}, E. and {Samaras}, N. and {Sanchez Gimenez}, V. and {Sanna}, N. and {Santove{\~n}a}, R. and {Sarasso}, M. and {Schultheis}, M. and {Sciacca}, E. and {Segol}, M. and {Segovia}, J.~C. and {S{\'e}gransan}, D. and {Semeux}, D. and {Shahaf}, S. and {Siddiqui}, H.~I. and {Siebert}, A. and {Siltala}, L. and {Silvelo}, A. and {Slezak}, E. and {Slezak}, I. and {Smart}, R.~L. and {Snaith}, O.~N. and {Solano}, E. and {Solitro}, F. and {Souami}, D. and {Souchay}, J. and {Spagna}, A. and {Spina}, L. and {Spoto}, F. and {Steele}, I.~A. and {Steidelm{\"u}ller}, H. and {Stephenson}, C.~A. and {S{\"u}veges}, M. and {Surdej}, J. and {Szabados}, L. and {Szegedi-Elek}, E. and {Taris}, F. and {Taylor}, M.~B. and {Teixeira}, R. and {Tolomei}, L. and {Tonello}, N. and {Torra}, F. and {Torra}, J. and {Torralba Elipe}, G. and {Trabucchi}, M. and {Tsounis}, A.~T. and {Turon}, C. and {Ulla}, A. and {Unger}, N. and {Vaillant}, M.~V. and {van Dillen}, E. and {van Reeven}, W. and {Vanel}, O. and {Vecchiato}, A. and {Viala}, Y. and {Vicente}, D. and {Voutsinas}, S. and {Weiler}, M. and {Wevers}, T. and {Wyrzykowski}, {\L}. and {Yoldas}, A. and {Yvard}, P. and {Zhao}, H. and {Zorec}, J. and {Zucker}, S. and {Zwitter}, T.},
        title = "{Gaia Data Release 3. Summary of the content and survey properties}",
      journal = {\aap},
     keywords = {techniques: photometric, techniques: spectroscopic, techniques: radial velocities, catalogs, astrometry, parallaxes, Astrophysics - Astrophysics of Galaxies},
         year = 2023,
        month = jun,
       volume = {674},
          eid = {A1},
        pages = {A1},
          doi = {10.1051/0004-6361/202243940},
archivePrefix = {arXiv},
       eprint = {2208.00211},
 primaryClass = {astro-ph.GA},
       adsurl = {https://ui.adsabs.harvard.edu/abs/2023A&A...674A...1G},
      adsnote = {Provided by the SAO/NASA Astrophysics Data System}
}

@ARTICLE{Kron_1980,
       author = {{Kron}, R.~G.},
        title = "{Photometry of a complete sample of faint galaxies.}",
      journal = {\apjs},
     keywords = {Astronomical Photometry, Galactic Radiation, Galaxies, Star Distribution, Calibrating, Colorimetry, Distribution Functions, Galactic Evolution, Luminous Intensity, Tables (Data), Astronomy},
         year = 1980,
        month = jun,
       volume = {43},
        pages = {305-325},
          doi = {10.1086/190669},
       adsurl = {https://ui.adsabs.harvard.edu/abs/1980ApJS...43..305K},
      adsnote = {Provided by the SAO/NASA Astrophysics Data System}
}

@ARTICLE{SGA_2023,
       author = {{Moustakas}, John and {Lang}, Dustin and {Dey}, Arjun and {Juneau}, St{\'e}phanie and {Meisner}, Aaron and {Myers}, Adam D. and {Schlafly}, Edward F. and {Schlegel}, David J. and {Valdes}, Francisco and {Weaver}, Benjamin A. and {Zhou}, Rongpu},
        title = "{Siena Galaxy Atlas 2020}",
      journal = {\apjs},
     keywords = {Galaxy photometry, Celestial objects catalogs, 611, 212, Astrophysics - Astrophysics of Galaxies},
         year = 2023,
        month = nov,
       volume = {269},
       number = {1},
          eid = {3},
        pages = {3},
          doi = {10.3847/1538-4365/acfaa2},
archivePrefix = {arXiv},
       eprint = {2307.04888},
 primaryClass = {astro-ph.GA},
       adsurl = {https://ui.adsabs.harvard.edu/abs/2023ApJS..269....3M},
      adsnote = {Provided by the SAO/NASA Astrophysics Data System}
}

@ARTICLE{PanSTARRS_2016,
       author = {{Chambers}, K.~C. and {Magnier}, E.~A. and {Metcalfe}, N. and {Flewelling}, H.~A. and {Huber}, M.~E. and {Waters}, C.~Z. and {Denneau}, L. and {Draper}, P.~W. and {Farrow}, D. and {Finkbeiner}, D.~P. and {Holmberg}, C. and {Koppenhoefer}, J. and {Price}, P.~A. and {Rest}, A. and {Saglia}, R.~P. and {Schlafly}, E.~F. and {Smartt}, S.~J. and {Sweeney}, W. and {Wainscoat}, R.~J. and {Burgett}, W.~S. and {Chastel}, S. and {Grav}, T. and {Heasley}, J.~N. and {Hodapp}, K.~W. and {Jedicke}, R. and {Kaiser}, N. and {Kudritzki}, R. -P. and {Luppino}, G.~A. and {Lupton}, R.~H. and {Monet}, D.~G. and {Morgan}, J.~S. and {Onaka}, P.~M. and {Shiao}, B. and {Stubbs}, C.~W. and {Tonry}, J.~L. and {White}, R. and {Ba{\~n}ados}, E. and {Bell}, E.~F. and {Bender}, R. and {Bernard}, E.~J. and {Boegner}, M. and {Boffi}, F. and {Botticella}, M.~T. and {Calamida}, A. and {Casertano}, S. and {Chen}, W. -P. and {Chen}, X. and {Cole}, S. and {Deacon}, N. and {Frenk}, C. and {Fitzsimmons}, A. and {Gezari}, S. and {Gibbs}, V. and {Goessl}, C. and {Goggia}, T. and {Gourgue}, R. and {Goldman}, B. and {Grant}, P. and {Grebel}, E.~K. and {Hambly}, N.~C. and {Hasinger}, G. and {Heavens}, A.~F. and {Heckman}, T.~M. and {Henderson}, R. and {Henning}, T. and {Holman}, M. and {Hopp}, U. and {Ip}, W. -H. and {Isani}, S. and {Jackson}, M. and {Keyes}, C.~D. and {Koekemoer}, A.~M. and {Kotak}, R. and {Le}, D. and {Liska}, D. and {Long}, K.~S. and {Lucey}, J.~R. and {Liu}, M. and {Martin}, N.~F. and {Masci}, G. and {McLean}, B. and {Mindel}, E. and {Misra}, P. and {Morganson}, E. and {Murphy}, D.~N.~A. and {Obaika}, A. and {Narayan}, G. and {Nieto-Santisteban}, M.~A. and {Norberg}, P. and {Peacock}, J.~A. and {Pier}, E.~A. and {Postman}, M. and {Primak}, N. and {Rae}, C. and {Rai}, A. and {Riess}, A. and {Riffeser}, A. and {Rix}, H.~W. and {R{\"o}ser}, S. and {Russel}, R. and {Rutz}, L. and {Schilbach}, E. and {Schultz}, A.~S.~B. and {Scolnic}, D. and {Strolger}, L. and {Szalay}, A. and {Seitz}, S. and {Small}, E. and {Smith}, K.~W. and {Soderblom}, D.~R. and {Taylor}, P. and {Thomson}, R. and {Taylor}, A.~N. and {Thakar}, A.~R. and {Thiel}, J. and {Thilker}, D. and {Unger}, D. and {Urata}, Y. and {Valenti}, J. and {Wagner}, J. and {Walder}, T. and {Walter}, F. and {Watters}, S.~P. and {Werner}, S. and {Wood-Vasey}, W.~M. and {Wyse}, R.},
        title = "{The Pan-STARRS1 Surveys}",
      journal = {arXiv e-prints},
     keywords = {Astrophysics - Instrumentation and Methods for Astrophysics, Astrophysics - Earth and Planetary Astrophysics, Astrophysics - Astrophysics of Galaxies, Astrophysics - Solar and Stellar Astrophysics},
         year = 2016,
        month = dec,
          eid = {arXiv:1612.05560},
        pages = {arXiv:1612.05560},
          doi = {10.48550/arXiv.1612.05560},
archivePrefix = {arXiv},
       eprint = {1612.05560},
 primaryClass = {astro-ph.IM},
       adsurl = {https://ui.adsabs.harvard.edu/abs/2016arXiv161205560C},
      adsnote = {Provided by the SAO/NASA Astrophysics Data System}
}

@ARTICLE{ZTF_2019a,
       author = {{Bellm}, Eric C. and {Kulkarni}, Shrinivas R. and {Graham}, Matthew J. and {Dekany}, Richard and {Smith}, Roger M. and {Riddle}, Reed and {Masci}, Frank J. and {Helou}, George and {Prince}, Thomas A. and {Adams}, Scott M. and {Barbarino}, C. and {Barlow}, Tom and {Bauer}, James and {Beck}, Ron and {Belicki}, Justin and {Biswas}, Rahul and {Blagorodnova}, Nadejda and {Bodewits}, Dennis and {Bolin}, Bryce and {Brinnel}, Valery and {Brooke}, Tim and {Bue}, Brian and {Bulla}, Mattia and {Burruss}, Rick and {Cenko}, S. Bradley and {Chang}, Chan-Kao and {Connolly}, Andrew and {Coughlin}, Michael and {Cromer}, John and {Cunningham}, Virginia and {De}, Kishalay and {Delacroix}, Alex and {Desai}, Vandana and {Duev}, Dmitry A. and {Eadie}, Gwendolyn and {Farnham}, Tony L. and {Feeney}, Michael and {Feindt}, Ulrich and {Flynn}, David and {Franckowiak}, Anna and {Frederick}, S. and {Fremling}, C. and {Gal-Yam}, Avishay and {Gezari}, Suvi and {Giomi}, Matteo and {Goldstein}, Daniel A. and {Golkhou}, V. Zach and {Goobar}, Ariel and {Groom}, Steven and {Hacopians}, Eugean and {Hale}, David and {Henning}, John and {Ho}, Anna Y.~Q. and {Hover}, David and {Howell}, Justin and {Hung}, Tiara and {Huppenkothen}, Daniela and {Imel}, David and {Ip}, Wing-Huen and {Ivezi{\'c}}, {\v{Z}}eljko and {Jackson}, Edward and {Jones}, Lynne and {Juric}, Mario and {Kasliwal}, Mansi M. and {Kaspi}, S. and {Kaye}, Stephen and {Kelley}, Michael S.~P. and {Kowalski}, Marek and {Kramer}, Emily and {Kupfer}, Thomas and {Landry}, Walter and {Laher}, Russ R. and {Lee}, Chien-De and {Lin}, Hsing Wen and {Lin}, Zhong-Yi and {Lunnan}, Ragnhild and {Giomi}, Matteo and {Mahabal}, Ashish and {Mao}, Peter and {Miller}, Adam A. and {Monkewitz}, Serge and {Murphy}, Patrick and {Ngeow}, Chow-Choong and {Nordin}, Jakob and {Nugent}, Peter and {Ofek}, Eran and {Patterson}, Maria T. and {Penprase}, Bryan and {Porter}, Michael and {Rauch}, Ludwig and {Rebbapragada}, Umaa and {Reiley}, Dan and {Rigault}, Mickael and {Rodriguez}, Hector and {van Roestel}, Jan and {Rusholme}, Ben and {van Santen}, Jakob and {Schulze}, S. and {Shupe}, David L. and {Singer}, Leo P. and {Soumagnac}, Maayane T. and {Stein}, Robert and {Surace}, Jason and {Sollerman}, Jesper and {Szkody}, Paula and {Taddia}, F. and {Terek}, Scott and {Van Sistine}, Angela and {van Velzen}, Sjoert and {Vestrand}, W. Thomas and {Walters}, Richard and {Ward}, Charlotte and {Ye}, Quan-Zhi and {Yu}, Po-Chieh and {Yan}, Lin and {Zolkower}, Jeffry},
        title = "{The Zwicky Transient Facility: System Overview, Performance, and First Results}",
      journal = {\pasp},
     keywords = {Astrophysics - Instrumentation and Methods for Astrophysics},
         year = 2019,
        month = jan,
       volume = {131},
       number = {995},
        pages = {018002},
          doi = {10.1088/1538-3873/aaecbe},
archivePrefix = {arXiv},
       eprint = {1902.01932},
 primaryClass = {astro-ph.IM},
       adsurl = {https://ui.adsabs.harvard.edu/abs/2019PASP..131a8002B},
      adsnote = {Provided by the SAO/NASA Astrophysics Data System}
}

@ARTICLE{ZTF_2019b,
       author = {{Graham}, Matthew J. and {Kulkarni}, S.~R. and {Bellm}, Eric C. and {Adams}, Scott M. and {Barbarino}, Cristina and {Blagorodnova}, Nadejda and {Bodewits}, Dennis and {Bolin}, Bryce and {Brady}, Patrick R. and {Cenko}, S. Bradley and {Chang}, Chan-Kao and {Coughlin}, Michael W. and {De}, Kishalay and {Eadie}, Gwendolyn and {Farnham}, Tony L. and {Feindt}, Ulrich and {Franckowiak}, Anna and {Fremling}, Christoffer and {Gezari}, Suvi and {Ghosh}, Shaon and {Goldstein}, Daniel A. and {Golkhou}, V. Zach and {Goobar}, Ariel and {Ho}, Anna Y.~Q. and {Huppenkothen}, Daniela and {Ivezi{\'c}}, {\v{Z}}eljko and {Jones}, R. Lynne and {Juric}, Mario and {Kaplan}, David L. and {Kasliwal}, Mansi M. and {Kelley}, Michael S.~P. and {Kupfer}, Thomas and {Lee}, Chien-De and {Lin}, Hsing Wen and {Lunnan}, Ragnhild and {Mahabal}, Ashish A. and {Miller}, Adam A. and {Ngeow}, Chow-Choong and {Nugent}, Peter and {Ofek}, Eran O. and {Prince}, Thomas A. and {Rauch}, Ludwig and {van Roestel}, Jan and {Schulze}, Steve and {Singer}, Leo P. and {Sollerman}, Jesper and {Taddia}, Francesco and {Yan}, Lin and {Ye}, Quan-Zhi and {Yu}, Po-Chieh and {Barlow}, Tom and {Bauer}, James and {Beck}, Ron and {Belicki}, Justin and {Biswas}, Rahul and {Brinnel}, Valery and {Brooke}, Tim and {Bue}, Brian and {Bulla}, Mattia and {Burruss}, Rick and {Connolly}, Andrew and {Cromer}, John and {Cunningham}, Virginia and {Dekany}, Richard and {Delacroix}, Alex and {Desai}, Vandana and {Duev}, Dmitry A. and {Feeney}, Michael and {Flynn}, David and {Frederick}, Sara and {Gal-Yam}, Avishay and {Giomi}, Matteo and {Groom}, Steven and {Hacopians}, Eugean and {Hale}, David and {Helou}, George and {Henning}, John and {Hover}, David and {Hillenbrand}, Lynne A. and {Howell}, Justin and {Hung}, Tiara and {Imel}, David and {Ip}, Wing-Huen and {Jackson}, Edward and {Kaspi}, Shai and {Kaye}, Stephen and {Kowalski}, Marek and {Kramer}, Emily and {Kuhn}, Michael and {Landry}, Walter and {Laher}, Russ R. and {Mao}, Peter and {Masci}, Frank J. and {Monkewitz}, Serge and {Murphy}, Patrick and {Nordin}, Jakob and {Patterson}, Maria T. and {Penprase}, Bryan and {Porter}, Michael and {Rebbapragada}, Umaa and {Reiley}, Dan and {Riddle}, Reed and {Rigault}, Mickael and {Rodriguez}, Hector and {Rusholme}, Ben and {van Santen}, Jakob and {Shupe}, David L. and {Smith}, Roger M. and {Soumagnac}, Maayane T. and {Stein}, Robert and {Surace}, Jason and {Szkody}, Paula and {Terek}, Scott and {Van Sistine}, Angela and {van Velzen}, Sjoert and {Vestrand}, W. Thomas and {Walters}, Richard and {Ward}, Charlotte and {Zhang}, Chaoran and {Zolkower}, Jeffry},
        title = "{The Zwicky Transient Facility: Science Objectives}",
      journal = {\pasp},
     keywords = {Astrophysics - Instrumentation and Methods for Astrophysics, Astrophysics - High Energy Astrophysical Phenomena},
         year = 2019,
        month = jul,
       volume = {131},
       number = {1001},
        pages = {078001},
          doi = {10.1088/1538-3873/ab006c},
archivePrefix = {arXiv},
       eprint = {1902.01945},
 primaryClass = {astro-ph.IM},
       adsurl = {https://ui.adsabs.harvard.edu/abs/2019PASP..131g8001G},
      adsnote = {Provided by the SAO/NASA Astrophysics Data System}
}

@ARTICLE{ZTF_2020,
       author = {{Dekany}, Richard and {Smith}, Roger M. and {Riddle}, Reed and {Feeney}, Michael and {Porter}, Michael and {Hale}, David and {Zolkower}, Jeffry and {Belicki}, Justin and {Kaye}, Stephen and {Henning}, John and {Walters}, Richard and {Cromer}, John and {Delacroix}, Alex and {Rodriguez}, Hector and {Reiley}, Daniel J. and {Mao}, Peter and {Hover}, David and {Murphy}, Patrick and {Burruss}, Rick and {Baker}, John and {Kowalski}, Marek and {Reif}, Klaus and {Mueller}, Phillip and {Bellm}, Eric and {Graham}, Matthew and {Kulkarni}, Shrinivas R.},
        title = "{The Zwicky Transient Facility: Observing System}",
      journal = {\pasp},
     keywords = {instrumentation: detectors, instrumentation: miscellaneous, methods: observational, surveys, techniques: photometric, time, Astrophysics - Instrumentation and Methods for Astrophysics, Physics - Instrumentation and Detectors, Physics - Optics},
         year = 2020,
        month = mar,
       volume = {132},
       number = {1009},
          eid = {038001},
        pages = {038001},
          doi = {10.1088/1538-3873/ab4ca2},
archivePrefix = {arXiv},
       eprint = {2008.04923},
 primaryClass = {astro-ph.IM},
       adsurl = {https://ui.adsabs.harvard.edu/abs/2020PASP..132c8001D},
      adsnote = {Provided by the SAO/NASA Astrophysics Data System}
}



@ARTICLE{ZTF_data_2019,
       author = {{Masci}, Frank J. and {Laher}, Russ R. and {Rusholme}, Ben and {Shupe}, David L. and {Groom}, Steven and {Surace}, Jason and {Jackson}, Edward and {Monkewitz}, Serge and {Beck}, Ron and {Flynn}, David and {Terek}, Scott and {Landry}, Walter and {Hacopians}, Eugean and {Desai}, Vandana and {Howell}, Justin and {Brooke}, Tim and {Imel}, David and {Wachter}, Stefanie and {Ye}, Quan-Zhi and {Lin}, Hsing-Wen and {Cenko}, S. Bradley and {Cunningham}, Virginia and {Rebbapragada}, Umaa and {Bue}, Brian and {Miller}, Adam A. and {Mahabal}, Ashish and {Bellm}, Eric C. and {Patterson}, Maria T. and {Juri{\'c}}, Mario and {Golkhou}, V. Zach and {Ofek}, Eran O. and {Walters}, Richard and {Graham}, Matthew and {Kasliwal}, Mansi M. and {Dekany}, Richard G. and {Kupfer}, Thomas and {Burdge}, Kevin and {Cannella}, Christopher B. and {Barlow}, Tom and {Van Sistine}, Angela and {Giomi}, Matteo and {Fremling}, Christoffer and {Blagorodnova}, Nadejda and {Levitan}, David and {Riddle}, Reed and {Smith}, Roger M. and {Helou}, George and {Prince}, Thomas A. and {Kulkarni}, Shrinivas R.},
        title = "{The Zwicky Transient Facility: Data Processing, Products, and Archive}",
      journal = {\pasp},
     keywords = {Astrophysics - Instrumentation and Methods for Astrophysics},
         year = 2019,
        month = jan,
       volume = {131},
       number = {995},
        pages = {018003},
          doi = {10.1088/1538-3873/aae8ac},
archivePrefix = {arXiv},
       eprint = {1902.01872},
 primaryClass = {astro-ph.IM},
       adsurl = {https://ui.adsabs.harvard.edu/abs/2019PASP..131a8003M},
      adsnote = {Provided by the SAO/NASA Astrophysics Data System}
}

@ARTICLE{ZTF_ML_2019,
       author = {{Mahabal}, Ashish and {Rebbapragada}, Umaa and {Walters}, Richard and {Masci}, Frank J. and {Blagorodnova}, Nadejda and {van Roestel}, Jan and {Ye}, Quan-Zhi and {Biswas}, Rahul and {Burdge}, Kevin and {Chang}, Chan-Kao and {Duev}, Dmitry A. and {Golkhou}, V. Zach and {Miller}, Adam A. and {Nordin}, Jakob and {Ward}, Charlotte and {Adams}, Scott and {Bellm}, Eric C. and {Branton}, Doug and {Bue}, Brian and {Cannella}, Chris and {Connolly}, Andrew and {Dekany}, Richard and {Feindt}, Ulrich and {Hung}, Tiara and {Fortson}, Lucy and {Frederick}, Sara and {Fremling}, C. and {Gezari}, Suvi and {Graham}, Matthew and {Groom}, Steven and {Kasliwal}, Mansi M. and {Kulkarni}, Shrinivas and {Kupfer}, Thomas and {Lin}, Hsing Wen and {Lintott}, Chris and {Lunnan}, Ragnhild and {Parejko}, John and {Prince}, Thomas A. and {Riddle}, Reed and {Rusholme}, Ben and {Saunders}, Nicholas and {Sedaghat}, Nima and {Shupe}, David L. and {Singer}, Leo P. and {Soumagnac}, Maayane T. and {Szkody}, Paula and {Tachibana}, Yutaro and {Tirumala}, Kushal and {van Velzen}, Sjoert and {Wright}, Darryl},
        title = "{Machine Learning for the Zwicky Transient Facility}",
      journal = {\pasp},
     keywords = {Astrophysics - Instrumentation and Methods for Astrophysics},
         year = 2019,
        month = mar,
       volume = {131},
       number = {997},
        pages = {038002},
          doi = {10.1088/1538-3873/aaf3fa},
archivePrefix = {arXiv},
       eprint = {1902.01936},
 primaryClass = {astro-ph.IM},
       adsurl = {https://ui.adsabs.harvard.edu/abs/2019PASP..131c8002M},
      adsnote = {Provided by the SAO/NASA Astrophysics Data System}
}

@ARTICLE{LSST_2019,
       author = {{Ivezi{\'c}}, {\v{Z}}eljko and {Kahn}, Steven M. and {Tyson}, J. Anthony and {Abel}, Bob and {Acosta}, Emily and {Allsman}, Robyn and {Alonso}, David and {AlSayyad}, Yusra and {Anderson}, Scott F. and {Andrew}, John and {Angel}, James Roger P. and {Angeli}, George Z. and {Ansari}, Reza and {Antilogus}, Pierre and {Araujo}, Constanza and {Armstrong}, Robert and {Arndt}, Kirk T. and {Astier}, Pierre and {Aubourg}, {\'E}ric and {Auza}, Nicole and {Axelrod}, Tim S. and {Bard}, Deborah J. and {Barr}, Jeff D. and {Barrau}, Aurelian and {Bartlett}, James G. and {Bauer}, Amanda E. and {Bauman}, Brian J. and {Baumont}, Sylvain and {Bechtol}, Ellen and {Bechtol}, Keith and {Becker}, Andrew C. and {Becla}, Jacek and {Beldica}, Cristina and {Bellavia}, Steve and {Bianco}, Federica B. and {Biswas}, Rahul and {Blanc}, Guillaume and {Blazek}, Jonathan and {Blandford}, Roger D. and {Bloom}, Josh S. and {Bogart}, Joanne and {Bond}, Tim W. and {Booth}, Michael T. and {Borgland}, Anders W. and {Borne}, Kirk and {Bosch}, James F. and {Boutigny}, Dominique and {Brackett}, Craig A. and {Bradshaw}, Andrew and {Brandt}, William Nielsen and {Brown}, Michael E. and {Bullock}, James S. and {Burchat}, Patricia and {Burke}, David L. and {Cagnoli}, Gianpietro and {Calabrese}, Daniel and {Callahan}, Shawn and {Callen}, Alice L. and {Carlin}, Jeffrey L. and {Carlson}, Erin L. and {Chandrasekharan}, Srinivasan and {Charles-Emerson}, Glenaver and {Chesley}, Steve and {Cheu}, Elliott C. and {Chiang}, Hsin-Fang and {Chiang}, James and {Chirino}, Carol and {Chow}, Derek and {Ciardi}, David R. and {Claver}, Charles F. and {Cohen-Tanugi}, Johann and {Cockrum}, Joseph J. and {Coles}, Rebecca and {Connolly}, Andrew J. and {Cook}, Kem H. and {Cooray}, Asantha and {Covey}, Kevin R. and {Cribbs}, Chris and {Cui}, Wei and {Cutri}, Roc and {Daly}, Philip N. and {Daniel}, Scott F. and {Daruich}, Felipe and {Daubard}, Guillaume and {Daues}, Greg and {Dawson}, William and {Delgado}, Francisco and {Dellapenna}, Alfred and {de Peyster}, Robert and {de Val-Borro}, Miguel and {Digel}, Seth W. and {Doherty}, Peter and {Dubois}, Richard and {Dubois-Felsmann}, Gregory P. and {Durech}, Josef and {Economou}, Frossie and {Eifler}, Tim and {Eracleous}, Michael and {Emmons}, Benjamin L. and {Fausti Neto}, Angelo and {Ferguson}, Henry and {Figueroa}, Enrique and {Fisher-Levine}, Merlin and {Focke}, Warren and {Foss}, Michael D. and {Frank}, James and {Freemon}, Michael D. and {Gangler}, Emmanuel and {Gawiser}, Eric and {Geary}, John C. and {Gee}, Perry and {Geha}, Marla and {Gessner}, Charles J.~B. and {Gibson}, Robert R. and {Gilmore}, D. Kirk and {Glanzman}, Thomas and {Glick}, William and {Goldina}, Tatiana and {Goldstein}, Daniel A. and {Goodenow}, Iain and {Graham}, Melissa L. and {Gressler}, William J. and {Gris}, Philippe and {Guy}, Leanne P. and {Guyonnet}, Augustin and {Haller}, Gunther and {Harris}, Ron and {Hascall}, Patrick A. and {Haupt}, Justine and {Hernandez}, Fabio and {Herrmann}, Sven and {Hileman}, Edward and {Hoblitt}, Joshua and {Hodgson}, John A. and {Hogan}, Craig and {Howard}, James D. and {Huang}, Dajun and {Huffer}, Michael E. and {Ingraham}, Patrick and {Innes}, Walter R. and {Jacoby}, Suzanne H. and {Jain}, Bhuvnesh and {Jammes}, Fabrice and {Jee}, M. James and {Jenness}, Tim and {Jernigan}, Garrett and {Jevremovi{\'c}}, Darko and {Johns}, Kenneth and {Johnson}, Anthony S. and {Johnson}, Margaret W.~G. and {Jones}, R. Lynne and {Juramy-Gilles}, Claire and {Juri{\'c}}, Mario and {Kalirai}, Jason S. and {Kallivayalil}, Nitya J. and {Kalmbach}, Bryce and {Kantor}, Jeffrey P. and {Karst}, Pierre and {Kasliwal}, Mansi M. and {Kelly}, Heather and {Kessler}, Richard and {Kinnison}, Veronica and {Kirkby}, David and {Knox}, Lloyd and {Kotov}, Ivan V. and {Krabbendam}, Victor L. and {Krughoff}, K. Simon and {Kub{\'a}nek}, Petr and {Kuczewski}, John and {Kulkarni}, Shri and {Ku}, John and {Kurita}, Nadine R. and {Lage}, Craig S. and {Lambert}, Ron and {Lange}, Travis and {Langton}, J. Brian and {Le Guillou}, Laurent and {Levine}, Deborah and {Liang}, Ming and {Lim}, Kian-Tat and {Lintott}, Chris J. and {Long}, Kevin E. and {Lopez}, Margaux and {Lotz}, Paul J. and {Lupton}, Robert H. and {Lust}, Nate B. and {MacArthur}, Lauren A. and {Mahabal}, Ashish and {Mandelbaum}, Rachel and {Markiewicz}, Thomas W. and {Marsh}, Darren S. and {Marshall}, Philip J. and {Marshall}, Stuart and {May}, Morgan and {McKercher}, Robert and {McQueen}, Michelle and {Meyers}, Joshua and {Migliore}, Myriam and {Miller}, Michelle and {Mills}, David J. and {Miraval}, Connor and {Moeyens}, Joachim and {Moolekamp}, Fred E. and {Monet}, David G. and {Moniez}, Marc and {Monkewitz}, Serge and {Montgomery}, Christopher and {Morrison}, Christopher B. and {Mueller}, Fritz and {Muller}, Gary P. and {Mu{\~n}oz Arancibia}, Freddy and {Neill}, Douglas R. and {Newbry}, Scott P. and {Nief}, Jean-Yves and {Nomerotski}, Andrei and {Nordby}, Martin and {O'Connor}, Paul and {Oliver}, John and {Olivier}, Scot S. and {Olsen}, Knut and {O'Mullane}, William and {Ortiz}, Sandra and {Osier}, Shawn and {Owen}, Russell E. and {Pain}, Reynald and {Palecek}, Paul E. and {Parejko}, John K. and {Parsons}, James B. and {Pease}, Nathan M. and {Peterson}, J. Matt and {Peterson}, John R. and {Petravick}, Donald L. and {Libby Petrick}, M.~E. and {Petry}, Cathy E. and {Pierfederici}, Francesco and {Pietrowicz}, Stephen and {Pike}, Rob and {Pinto}, Philip A. and {Plante}, Raymond and {Plate}, Stephen and {Plutchak}, Joel P. and {Price}, Paul A. and {Prouza}, Michael and {Radeka}, Veljko and {Rajagopal}, Jayadev and {Rasmussen}, Andrew P. and {Regnault}, Nicolas and {Reil}, Kevin A. and {Reiss}, David J. and {Reuter}, Michael A. and {Ridgway}, Stephen T. and {Riot}, Vincent J. and {Ritz}, Steve and {Robinson}, Sean and {Roby}, William and {Roodman}, Aaron and {Rosing}, Wayne and {Roucelle}, Cecille and {Rumore}, Matthew R. and {Russo}, Stefano and {Saha}, Abhijit and {Sassolas}, Benoit and {Schalk}, Terry L. and {Schellart}, Pim and {Schindler}, Rafe H. and {Schmidt}, Samuel and {Schneider}, Donald P. and {Schneider}, Michael D. and {Schoening}, William and {Schumacher}, German and {Schwamb}, Megan E. and {Sebag}, Jacques and {Selvy}, Brian and {Sembroski}, Glenn H. and {Seppala}, Lynn G. and {Serio}, Andrew and {Serrano}, Eduardo and {Shaw}, Richard A. and {Shipsey}, Ian and {Sick}, Jonathan and {Silvestri}, Nicole and {Slater}, Colin T. and {Smith}, J. Allyn and {Smith}, R. Chris and {Sobhani}, Shahram and {Soldahl}, Christine and {Storrie-Lombardi}, Lisa and {Stover}, Edward and {Strauss}, Michael A. and {Street}, Rachel A. and {Stubbs}, Christopher W. and {Sullivan}, Ian S. and {Sweeney}, Donald and {Swinbank}, John D. and {Szalay}, Alexander and {Takacs}, Peter and {Tether}, Stephen A. and {Thaler}, Jon J. and {Thayer}, John Gregg and {Thomas}, Sandrine and {Thornton}, Adam J. and {Thukral}, Vaikunth and {Tice}, Jeffrey and {Trilling}, David E. and {Turri}, Max and {Van Berg}, Richard and {Vanden Berk}, Daniel and {Vetter}, Kurt and {Virieux}, Francoise and {Vucina}, Tomislav and {Wahl}, William and {Walkowicz}, Lucianne and {Walsh}, Brian and {Walter}, Christopher W. and {Wang}, Daniel L. and {Wang}, Shin-Yawn and {Warner}, Michael and {Wiecha}, Oliver and {Willman}, Beth and {Winters}, Scott E. and {Wittman}, David and {Wolff}, Sidney C. and {Wood-Vasey}, W. Michael and {Wu}, Xiuqin and {Xin}, Bo and {Yoachim}, Peter and {Zhan}, Hu},
        title = "{LSST: From Science Drivers to Reference Design and Anticipated Data Products}",
      journal = {\apj},
     keywords = {astrometry, cosmology: observations, Galaxy: general, methods: observational, stars: general, surveys, Astrophysics},
         year = 2019,
        month = mar,
       volume = {873},
       number = {2},
          eid = {111},
        pages = {111},
          doi = {10.3847/1538-4357/ab042c},
archivePrefix = {arXiv},
       eprint = {0805.2366},
 primaryClass = {astro-ph},
       adsurl = {https://ui.adsabs.harvard.edu/abs/2019ApJ...873..111I},
      adsnote = {Provided by the SAO/NASA Astrophysics Data System}
}

@ARTICLE{De_CLU_2020,
       author = {{De}, Kishalay and {Kasliwal}, Mansi M. and {Tzanidakis}, Anastasios and {Fremling}, U. Christoffer and {Adams}, Scott and {Aloisi}, Robert and {Andreoni}, Igor and {Bagdasaryan}, Ashot and {Bellm}, Eric C. and {Bildsten}, Lars and {Cannella}, Christopher and {Cook}, David O. and {Delacroix}, Alexandre and {Drake}, Andrew and {Duev}, Dmitry and {Dugas}, Alison and {Frederick}, Sara and {Gal-Yam}, Avishay and {Goldstein}, Daniel and {Golkhou}, V. Zach and {Graham}, Matthew J. and {Hale}, David and {Hankins}, Matthew and {Helou}, George and {Ho}, Anna Y.~Q. and {Irani}, Ido and {Jencson}, Jacob E. and {Kaplan}, David L. and {Kaye}, Stephen and {Kulkarni}, S.~R. and {Kupfer}, Thomas and {Laher}, Russ R. and {Leadbeater}, Robin and {Lunnan}, Ragnhild and {Masci}, Frank J. and {Miller}, Adam A. and {Neill}, James D. and {Ofek}, Eran O. and {Perley}, Daniel A. and {Polin}, Abigail and {Prince}, Thomas A. and {Quataert}, Eliot and {Reiley}, Dan and {Riddle}, Reed L. and {Rusholme}, Ben and {Sharma}, Yashvi and {Shupe}, David L. and {Sollerman}, Jesper and {Tartaglia}, Leonardo and {Walters}, Richard and {Yan}, Lin and {Yao}, Yuhan},
        title = "{The Zwicky Transient Facility Census of the Local Universe. I. Systematic Search for Calcium-rich Gap Transients Reveals Three Related Spectroscopic Subclasses}",
      journal = {\apj},
     keywords = {Supernovae, Compact objects, White dwarf stars, 1668, 288, 1799, Astrophysics - High Energy Astrophysical Phenomena, Astrophysics - Solar and Stellar Astrophysics},
         year = 2020,
        month = dec,
       volume = {905},
       number = {1},
          eid = {58},
        pages = {58},
          doi = {10.3847/1538-4357/abb45c},
archivePrefix = {arXiv},
       eprint = {2004.09029},
 primaryClass = {astro-ph.HE},
       adsurl = {https://ui.adsabs.harvard.edu/abs/2020ApJ...905...58D},
      adsnote = {Provided by the SAO/NASA Astrophysics Data System}
}

@ARTICLE{BTS_I_2020,
       author = {{Fremling}, C. and {Miller}, A.~A. and {Sharma}, Y. and {Dugas}, A. and {Perley}, D.~A. and {Taggart}, K. and {Sollerman}, J. and {Goobar}, A. and {Graham}, M.~L. and {Neill}, J.~D. and {Nordin}, J. and {Rigault}, M. and {Walters}, R. and {Andreoni}, I. and {Bagdasaryan}, A. and {Belicki}, J. and {Cannella}, C. and {Bellm}, E.~C. and {Cenko}, S.~B. and {De}, K. and {Dekany}, R. and {Frederick}, S. and {Golkhou}, V.~Z. and {Graham}, M.~J. and {Helou}, G. and {Ho}, A.~Y.~Q. and {Kasliwal}, M.~M. and {Kupfer}, T. and {Laher}, R.~R. and {Mahabal}, A. and {Masci}, F.~J. and {Riddle}, R. and {Rusholme}, B. and {Schulze}, S. and {Shupe}, D.~L. and {Smith}, R.~M. and {van Velzen}, S. and {Yan}, Lin and {Yao}, Y. and {Zhuang}, Z. and {Kulkarni}, S.~R.},
        title = "{The Zwicky Transient Facility Bright Transient Survey. I. Spectroscopic Classification and the Redshift Completeness of Local Galaxy Catalogs}",
      journal = {\apj},
     keywords = {Supernovae, Galaxies, Redshift surveys, Surveys, 1668, 573, 1378, 1671, Astrophysics - High Energy Astrophysical Phenomena},
         year = 2020,
        month = may,
       volume = {895},
       number = {1},
          eid = {32},
        pages = {32},
          doi = {10.3847/1538-4357/ab8943},
archivePrefix = {arXiv},
       eprint = {1910.12973},
 primaryClass = {astro-ph.HE},
       adsurl = {https://ui.adsabs.harvard.edu/abs/2020ApJ...895...32F},
      adsnote = {Provided by the SAO/NASA Astrophysics Data System}
}

@ARTICLE{BTS_II_2020,
       author = {{Perley}, Daniel A. and {Fremling}, Christoffer and {Sollerman}, Jesper and {Miller}, Adam A. and {Dahiwale}, Aishwarya S. and {Sharma}, Yashvi and {Bellm}, Eric C. and {Biswas}, Rahul and {Brink}, Thomas G. and {Bruch}, Rachel J. and {De}, Kishalay and {Dekany}, Richard and {Drake}, Andrew J. and {Duev}, Dmitry A. and {Filippenko}, Alexei V. and {Gal-Yam}, Avishay and {Goobar}, Ariel and {Graham}, Matthew J. and {Graham}, Melissa L. and {Ho}, Anna Y.~Q. and {Irani}, Ido and {Kasliwal}, Mansi M. and {Kim}, Young-Lo and {Kulkarni}, S.~R. and {Mahabal}, Ashish and {Masci}, Frank J. and {Modak}, Shaunak and {Neill}, James D. and {Nordin}, Jakob and {Riddle}, Reed L. and {Soumagnac}, Maayane T. and {Strotjohann}, Nora L. and {Schulze}, Steve and {Taggart}, Kirsty and {Tzanidakis}, Anastasios and {Walters}, Richard S. and {Yan}, Lin},
        title = "{The Zwicky Transient Facility Bright Transient Survey. II. A Public Statistical Sample for Exploring Supernova Demographics}",
      journal = {\apj},
     keywords = {Supernovae, Catalogs, Surveys, Transient sources, Time domain astronomy, 1668, 205, 1671, 1851, 2109, Astrophysics - High Energy Astrophysical Phenomena},
         year = 2020,
        month = nov,
       volume = {904},
       number = {1},
          eid = {35},
        pages = {35},
          doi = {10.3847/1538-4357/abbd98},
archivePrefix = {arXiv},
       eprint = {2009.01242},
 primaryClass = {astro-ph.HE},
       adsurl = {https://ui.adsabs.harvard.edu/abs/2020ApJ...904...35P},
      adsnote = {Provided by the SAO/NASA Astrophysics Data System}
}

@ARTICLE{ZTF_TDE_2021,
       author = {{van Velzen}, Sjoert and {Gezari}, Suvi and {Hammerstein}, Erica and {Roth}, Nathaniel and {Frederick}, Sara and {Ward}, Charlotte and {Hung}, Tiara and {Cenko}, S. Bradley and {Stein}, Robert and {Perley}, Daniel A. and {Taggart}, Kirsty and {Foley}, Ryan J. and {Sollerman}, Jesper and {Blagorodnova}, Nadejda and {Andreoni}, Igor and {Bellm}, Eric C. and {Brinnel}, Valery and {De}, Kishalay and {Dekany}, Richard and {Feeney}, Michael and {Fremling}, Christoffer and {Giomi}, Matteo and {Golkhou}, V. Zach and {Graham}, Matthew J. and {Ho}, Anna. Y.~Q. and {Kasliwal}, Mansi M. and {Kilpatrick}, Charles D. and {Kulkarni}, Shrinivas R. and {Kupfer}, Thomas and {Laher}, Russ R. and {Mahabal}, Ashish and {Masci}, Frank J. and {Miller}, Adam A. and {Nordin}, Jakob and {Riddle}, Reed and {Rusholme}, Ben and {van Santen}, Jakob and {Sharma}, Yashvi and {Shupe}, David L. and {Soumagnac}, Maayane T.},
        title = "{Seventeen Tidal Disruption Events from the First Half of ZTF Survey Observations: Entering a New Era of Population Studies}",
      journal = {\apj},
     keywords = {Astrophysical black holes, Tidal disruption, Galaxy nuclei, 98, 1696, 609, Astrophysics - High Energy Astrophysical Phenomena, Astrophysics - Astrophysics of Galaxies},
         year = 2021,
        month = feb,
       volume = {908},
       number = {1},
          eid = {4},
        pages = {4},
          doi = {10.3847/1538-4357/abc258},
archivePrefix = {arXiv},
       eprint = {2001.01409},
 primaryClass = {astro-ph.HE},
       adsurl = {https://ui.adsabs.harvard.edu/abs/2021ApJ...908....4V},
      adsnote = {Provided by the SAO/NASA Astrophysics Data System}
}

@ARTICLE{Flesch_2023,
       author = {{Flesch}, Eric Wim},
        title = "{The Million Quasars (Milliquas) Catalogue, v8}",
      journal = {The Open Journal of Astrophysics},
     keywords = {Astrophysics - Astrophysics of Galaxies},
         year = 2023,
        month = dec,
       volume = {6},
          eid = {49},
        pages = {49},
          doi = {10.21105/astro.2308.01505},
archivePrefix = {arXiv},
       eprint = {2308.01505},
 primaryClass = {astro-ph.GA},
       adsurl = {https://ui.adsabs.harvard.edu/abs/2023OJAp....6E..49F},
      adsnote = {Provided by the SAO/NASA Astrophysics Data System}
}

@ARTICLE{LS4_2025,
       author = {{Miller}, Adam A. and {Abrams}, Natasha S. and {Aldering}, Greg and {Anand}, Shreya and {Angus}, Charlotte R. and {Arcavi}, Iair and {Baltay}, Charles and {Bauer}, Franz E. and {Brethauer}, Daniel and {Bloom}, Joshua S. and {Bommireddy}, Hemanth and {Catelan}, Marcio and {Chornock}, Ryan and {Clark}, Peter and {Collett}, Thomas E. and {Dimitriadis}, Georgios and {Faris}, Sara and {Forster}, Francisco and {Franckowiak}, Anna and {Frohmaier}, Christopher and {Galbany}, Llu{\i}s and {Galleguillos}, Renato B. and {Goobar}, Ariel and {Gutierrez}, Claudia P. and {Hall}, Saarah and {Hammerstein}, Erica and {Herner}, Kenneth R. and {Hook}, Isobel M. and {Huston}, Macy J. and {Johansson}, Joel and {Kilpatrick}, Charles D. and {Kim}, Alex G. and {Knop}, Robert A. and {Kowalski}, Marek P. and {Kwok}, Lindsey A. and {LeBaron}, Natalie and {Lin}, Kenneth W. and {Liu}, Chang and {Lu}, Jessica R. and {Lu}, Wenbin and {Lunnan}, Ragnhild and {Maguire}, Kate and {Makrygianni}, Lydia and {Margutti}, Raffaella and {Maoz}, Dan and {Milan Veres}, Patrik and {Moore}, Thomas and {Nayana}, A.~J. and {Nicholl}, Matt and {Nordin}, Jakob and {Pignata}, Giuliano and {Polin}, Abigail and {Poznanski}, Dovi and {Prieto}, Jose L. and {Rabinowitz}, David L. and {Rehemtulla}, Nabeel and {Rigault}, Mickael and {Ryczanowski}, Dan and {Sarin}, Nikhil and {Schulze}, Steve and {Shah}, Ved G. and {Sheng}, Xinyue and {Shilling}, Samuel P.~R. and {Simmons}, Brooke D. and {Singh}, Avinash and {Smith}, Graham P. and {Smith}, Mathew and {Sollerman}, Jesper and {Soumagnac}, Maayane T. and {Stubbs}, Christopher W. and {Sullivan}, Mark and {Suresh}, Aswin and {Trakhtenbrot}, Benny and {Ward}, Charlotte and {Wiston}, Eli and {Xiong}, Helen and {Yao}, Yuhan and {Nugent}, Peter E.},
        title = "{The La Silla Schmidt Southern Survey}",
      journal = {arXiv e-prints},
     keywords = {Astrophysics - Instrumentation and Methods for Astrophysics, Astrophysics - Astrophysics of Galaxies, Astrophysics - Solar and Stellar Astrophysics},
         year = 2025,
        month = mar,
          eid = {arXiv:2503.14579},
        pages = {arXiv:2503.14579},
          doi = {10.48550/arXiv.2503.14579},
archivePrefix = {arXiv},
       eprint = {2503.14579},
 primaryClass = {astro-ph.IM},
       adsurl = {https://ui.adsabs.harvard.edu/abs/2025arXiv250314579M},
      adsnote = {Provided by the SAO/NASA Astrophysics Data System}
}

@ARTICLE{ATLAS_2011,
       author = {{Tonry}, John L.},
        title = "{An Early Warning System for Asteroid Impact}",
      journal = {\pasp},
     keywords = {Astrophysics - Instrumentation and Methods for Astrophysics, Astrophysics - Cosmology and Nongalactic Astrophysics, Astrophysics - Earth and Planetary Astrophysics},
         year = 2011,
        month = jan,
       volume = {123},
       number = {899},
        pages = {58},
          doi = {10.1086/657997},
archivePrefix = {arXiv},
       eprint = {1011.1028},
 primaryClass = {astro-ph.IM},
       adsurl = {https://ui.adsabs.harvard.edu/abs/2011PASP..123...58T},
      adsnote = {Provided by the SAO/NASA Astrophysics Data System}
}

@ARTICLE{ATLAS_2018,
       author = {{Tonry}, J.~L. and {Denneau}, L. and {Heinze}, A.~N. and {Stalder}, B. and {Smith}, K.~W. and {Smartt}, S.~J. and {Stubbs}, C.~W. and {Weiland}, H.~J. and {Rest}, A.},
        title = "{ATLAS: A High-cadence All-sky Survey System}",
      journal = {\pasp},
     keywords = {Astrophysics - Instrumentation and Methods for Astrophysics},
         year = 2018,
        month = jun,
       volume = {130},
       number = {988},
        pages = {064505},
          doi = {10.1088/1538-3873/aabadf},
archivePrefix = {arXiv},
       eprint = {1802.00879},
 primaryClass = {astro-ph.IM},
       adsurl = {https://ui.adsabs.harvard.edu/abs/2018PASP..130f4505T},
      adsnote = {Provided by the SAO/NASA Astrophysics Data System}
}

@ARTICLE{ASASSN_2014,
       author = {{Shappee}, B.~J. and {Prieto}, J.~L. and {Grupe}, D. and {Kochanek}, C.~S. and {Stanek}, K.~Z. and {De Rosa}, G. and {Mathur}, S. and {Zu}, Y. and {Peterson}, B.~M. and {Pogge}, R.~W. and {Komossa}, S. and {Im}, M. and {Jencson}, J. and {Holoien}, T.~W. -S. and {Basu}, U. and {Beacom}, J.~F. and {Szczygie{\l}}, D.~M. and {Brimacombe}, J. and {Adams}, S. and {Campillay}, A. and {Choi}, C. and {Contreras}, C. and {Dietrich}, M. and {Dubberley}, M. and {Elphick}, M. and {Foale}, S. and {Giustini}, M. and {Gonzalez}, C. and {Hawkins}, E. and {Howell}, D.~A. and {Hsiao}, E.~Y. and {Koss}, M. and {Leighly}, K.~M. and {Morrell}, N. and {Mudd}, D. and {Mullins}, D. and {Nugent}, J.~M. and {Parrent}, J. and {Phillips}, M.~M. and {Pojmanski}, G. and {Rosing}, W. and {Ross}, R. and {Sand}, D. and {Terndrup}, D.~M. and {Valenti}, S. and {Walker}, Z. and {Yoon}, Y.},
        title = "{The Man behind the Curtain: X-Rays Drive the UV through NIR Variability in the 2013 Active Galactic Nucleus Outburst in NGC 2617}",
      journal = {\apj},
     keywords = {galaxies: active, galaxies: nuclei, galaxies: Seyfert, line: formation, line: profiles, Astrophysics - High Energy Astrophysical Phenomena, Astrophysics - Cosmology and Nongalactic Astrophysics},
         year = 2014,
        month = jun,
       volume = {788},
       number = {1},
          eid = {48},
        pages = {48},
          doi = {10.1088/0004-637X/788/1/48},
archivePrefix = {arXiv},
       eprint = {1310.2241},
 primaryClass = {astro-ph.HE},
       adsurl = {https://ui.adsabs.harvard.edu/abs/2014ApJ...788...48S},
      adsnote = {Provided by the SAO/NASA Astrophysics Data System}
}

@ARTICLE{BlackGEM_2024,
       author = {{Groot}, P.~J. and {Bloemen}, S. and {Vreeswijk}, P.~M. and {van Roestel}, J.~C.~J. and {Jonker}, P.~G. and {Nelemans}, G. and {Klein-Wolt}, M. and {Lepoole}, R. and {Pieterse}, D.~L.~A. and {Rodenhuis}, M. and {Boland}, W. and {Haverkorn}, M. and {Aerts}, C. and {Bakker}, R. and {Balster}, H. and {Bekema}, M. and {Dijkstra}, E. and {Dolron}, P. and {Elswijk}, E. and {van Elteren}, A. and {Engels}, A. and {Fokker}, M. and {de Haan}, M. and {Hahn}, F. and {ter Horst}, R. and {Lesman}, D. and {Kragt}, J. and {Morren}, J. and {Nillissen}, H. and {Pessemier}, W. and {Raskin}, G. and {de Rijke}, A. and {Scheers}, L.~H.~A. and {Schuil}, M. and {Timmer}, S.~T. and {Antunes Amaral}, L. and {Arancibia-Rojas}, E. and {Arcavi}, I. and {Blagorodnova}, N. and {Biswas}, S. and {Breton}, R.~P. and {Dawson}, H. and {Dayal}, P. and {De Wet}, S. and {Duffy}, C. and {Faris}, S. and {Fausnaugh}, M. and {Gal-Yam}, A. and {Geier}, S. and {Horesh}, A. and {Johnston}, C. and {Katusiime}, G. and {Kelley}, C. and {Kosakowski}, A. and {Kupfer}, T. and {Leloudas}, G. and {Levan}, A. and {Modiano}, D. and {Mogawana}, O. and {Munday}, J. and {Paice}, J. and {Patat}, F. and {Pelisoli}, I. and {Ramsay}, G. and {Ranaivomanana}, P.~T. and {Ruiz-Carmona}, R. and {Schaffenroth}, V. and {Scaringi}, S. and {Stoppa}, F. and {Street}, R. and {Tranin}, H. and {Uzundag}, M. and {Valenti}, S. and {Veresvarska}, M. and {Vuc̆kovi{\'c}}, M. and {Wichern}, H.~C.~I. and {Wijers}, R.~A.~M.~J. and {Wijnands}, R.~A.~D. and {Zimmerman}, E.},
        title = "{The BlackGEM Telescope Array. I. Overview}",
      journal = {\pasp},
     keywords = {Optical telescopes, Sky surveys, Transient detection, Gravitational wave astronomy, 1174, 1464, 1957, 675, Astrophysics - Instrumentation and Methods for Astrophysics},
         year = 2024,
        month = nov,
       volume = {136},
       number = {11},
          eid = {115003},
        pages = {115003},
          doi = {10.1088/1538-3873/ad8b6a},
archivePrefix = {arXiv},
       eprint = {2405.18923},
 primaryClass = {astro-ph.IM},
       adsurl = {https://ui.adsabs.harvard.edu/abs/2024PASP..136k5003G},
      adsnote = {Provided by the SAO/NASA Astrophysics Data System}
}

