@ARTICLE{Leauthaud_2007,
       author = {{Leauthaud}, Alexie and {Massey}, Richard and {Kneib}, Jean-Paul and {Rhodes}, Jason and {Johnston}, David E. and {Capak}, Peter and {Heymans}, Catherine and {Ellis}, Richard S. and {Koekemoer}, Anton M. and {Le F{\`e}vre}, Oliver and {Mellier}, Yannick and {R{\'e}fr{\'e}gier}, Alexandre and {Robin}, Annie C. and {Scoville}, Nick and {Tasca}, Lidia and {Taylor}, James E. and {Van Waerbeke}, Ludovic},
        title = "{Weak Gravitational Lensing with COSMOS: Galaxy Selection and Shape Measurements}",
      journal = {\apjs},
     keywords = {Cosmology: Observations, Cosmology: Gravitational Lensing, Cosmology: Large-Scale Structure of Universe, Astrophysics},
         year = 2007,
        month = sep,
       volume = {172},
       number = {1},
        pages = {219-238},
          doi = {10.1086/516598},
archivePrefix = {arXiv},
       eprint = {astro-ph/0702359},
 primaryClass = {astro-ph},
       adsurl = {https://ui.adsabs.harvard.edu/abs/2007ApJS..172..219L},
      adsnote = {Provided by the SAO/NASA Astrophysics Data System}
}

@ARTICLE{Tachibana_2018,
       author = {{Tachibana}, Yutaro and {Miller}, A.~A.},
        title = "{A Morphological Classification Model to Identify Unresolved PanSTARRS1 Sources: Application in the ZTF Real-time Pipeline}",
      journal = {\pasp},
     keywords = {Astrophysics - Instrumentation and Methods for Astrophysics},
         year = 2018,
        month = dec,
       volume = {130},
       number = {994},
        pages = {128001},
          doi = {10.1088/1538-3873/aae3d9},
archivePrefix = {arXiv},
       eprint = {1902.01935},
 primaryClass = {astro-ph.IM},
       adsurl = {https://ui.adsabs.harvard.edu/abs/2018PASP..130l8001T},
      adsnote = {Provided by the SAO/NASA Astrophysics Data System}
}

@ARTICLE{Miller_2017,
       author = {{Miller}, A.~A. and {Kulkarni}, M.~K. and {Cao}, Y. and {Laher}, R.~R. and {Masci}, F.~J. and {Surace}, J.~A.},
        title = "{Preparing for Advanced LIGO: A Star-Galaxy Separation Catalog for the Palomar Transient Factory}",
      journal = {\aj},
     keywords = {catalogs, galaxies: statistics, methods: data analysis, methods: statistical, stars: statistics, surveys, Astrophysics - Instrumentation and Methods for Astrophysics},
         year = 2017,
        month = feb,
       volume = {153},
       number = {2},
          eid = {73},
        pages = {73},
          doi = {10.3847/1538-3881/153/2/73},
archivePrefix = {arXiv},
       eprint = {1703.07356},
 primaryClass = {astro-ph.IM},
       adsurl = {https://ui.adsabs.harvard.edu/abs/2017AJ....153...73M},
      adsnote = {Provided by the SAO/NASA Astrophysics Data System}
}

@ARTICLE{Miller_2021,
       author = {{Miller}, A.~A. and {Hall}, X.~J.},
        title = "{A Morphological Classification Model to Identify Unresolved PanSTARRS1 Sources. II. Update to the PS1 Point Source Catalog}",
      journal = {\pasp},
     keywords = {Catalogs, Computational methods, Astrostatistics techniques, Astrophysics - Instrumentation and Methods for Astrophysics},
         year = 2021,
        month = may,
       volume = {133},
       number = {1023},
          eid = {054502},
        pages = {054502},
          doi = {10.1088/1538-3873/abf038},
archivePrefix = {arXiv},
       eprint = {2012.01544},
 primaryClass = {astro-ph.IM},
       adsurl = {https://ui.adsabs.harvard.edu/abs/2021PASP..133e4502M},
      adsnote = {Provided by the SAO/NASA Astrophysics Data System}
}

@ARTICLE{Beck_2022,
       author = {{Beck}, R{\'o}bert and {Dodds}, S. Curt and {Szapudi}, Istv{\'a}n},
        title = "{WISE-PS1-STRM: neural network source classification and photometric redshifts for WISE{\texttimes}PS1}",
      journal = {\mnras},
     keywords = {methods: data analysis, methods: numerical, catalogues, large-scale structure of Universe},
         year = 2022,
        month = oct,
       volume = {515},
       number = {4},
        pages = {4711-4721},
          doi = {10.1093/mnras/stac1714},
       adsurl = {https://ui.adsabs.harvard.edu/abs/2022MNRAS.515.4711B},
      adsnote = {Provided by the SAO/NASA Astrophysics Data System}
}



@ARTICLE{Sevilla-Noarbe_2018,
       author = {{Sevilla-Noarbe}, I. and {Hoyle}, B. and {March{\~a}}, M.~J. and {Soumagnac}, M.~T. and {Bechtol}, K. and {Drlica-Wagner}, A. and {Abdalla}, F. and {Aleksi{\'c}}, J. and {Avestruz}, C. and {Balbinot}, E. and {Banerji}, M. and {Bertin}, E. and {Bonnett}, C. and {Brunner}, R. and {Carrasco-Kind}, M. and {Choi}, A. and {Giannantonio}, T. and {Kim}, E. and {Lahav}, O. and {Moraes}, B. and {Nord}, B. and {Ross}, A.~J. and {Rykoff}, E.~S. and {Santiago}, B. and {Sheldon}, E. and {Wei}, K. and {Wester}, W. and {Yanny}, B. and {Abbott}, T. and {Allam}, S. and {Brooks}, D. and {Carnero-Rosell}, A. and {Carretero}, J. and {Cunha}, C. and {da Costa}, L. and {Davis}, C. and {de Vicente}, J. and {Desai}, S. and {Doel}, P. and {Fernandez}, E. and {Flaugher}, B. and {Frieman}, J. and {Garcia-Bellido}, J. and {Gaztanaga}, E. and {Gruen}, D. and {Gruendl}, R. and {Gschwend}, J. and {Gutierrez}, G. and {Hollowood}, D.~L. and {Honscheid}, K. and {James}, D. and {Jeltema}, T. and {Kirk}, D. and {Krause}, E. and {Kuehn}, K. and {Li}, T.~S. and {Lima}, M. and {Maia}, M.~A.~G. and {March}, M. and {McMahon}, R.~G. and {Menanteau}, F. and {Miquel}, R. and {Ogando}, R.~L.~C. and {Plazas}, A.~A. and {Sanchez}, E. and {Scarpine}, V. and {Schindler}, R. and {Schubnell}, M. and {Smith}, M. and {Smith}, R.~C. and {Soares-Santos}, M. and {Sobreira}, F. and {Suchyta}, E. and {Swanson}, M.~E.~C. and {Tarle}, G. and {Thomas}, D. and {Tucker}, D.~L. and {Walker}, A.~R. and {DES Collaboration}},
        title = "{Star-galaxy classification in the Dark Energy Survey Y1 data set}",
      journal = {\mnras},
     keywords = {Methods: data analysis, Methods: statistical, Techniques: photometric, Astrophysics - Instrumentation and Methods for Astrophysics, Astrophysics - Cosmology and Nongalactic Astrophysics},
         year = 2018,
        month = dec,
       volume = {481},
       number = {4},
        pages = {5451-5469},
          doi = {10.1093/mnras/sty2579},
archivePrefix = {arXiv},
       eprint = {1805.02427},
 primaryClass = {astro-ph.IM},
       adsurl = {https://ui.adsabs.harvard.edu/abs/2018MNRAS.481.5451S},
      adsnote = {Provided by the SAO/NASA Astrophysics Data System}
}

@ARTICLE{Fadely_2012,
       author = {{Fadely}, Ross and {Hogg}, David W. and {Willman}, Beth},
        title = "{Star-Galaxy Classification in Multi-band Optical Imaging}",
      journal = {\apj},
     keywords = {catalogs, galaxies: general, Galaxy: stellar content, Galaxy: structure, methods: data analysis, methods: statistical, stars: general, surveys, Astrophysics - Instrumentation and Methods for Astrophysics, Astrophysics - Cosmology and Nongalactic Astrophysics, Astrophysics - Astrophysics of Galaxies},
         year = 2012,
        month = nov,
       volume = {760},
       number = {1},
          eid = {15},
        pages = {15},
          doi = {10.1088/0004-637X/760/1/15},
archivePrefix = {arXiv},
       eprint = {1206.4306},
 primaryClass = {astro-ph.IM},
       adsurl = {https://ui.adsabs.harvard.edu/abs/2012ApJ...760...15F},
      adsnote = {Provided by the SAO/NASA Astrophysics Data System}
}

@ARTICLE{Ball_2006,
       author = {{Ball}, Nicholas M. and {Brunner}, Robert J. and {Myers}, Adam D. and {Tcheng}, David},
        title = "{Robust Machine Learning Applied to Astronomical Data Sets. I. Star-Galaxy Classification of the Sloan Digital Sky Survey DR3 Using Decision Trees}",
      journal = {\apj},
     keywords = {Astronomical Data Bases: Miscellaneous, Catalogs, Methods: Data Analysis, Surveys, Astrophysics},
         year = 2006,
        month = oct,
       volume = {650},
       number = {1},
        pages = {497-509},
          doi = {10.1086/507440},
archivePrefix = {arXiv},
       eprint = {astro-ph/0606541},
 primaryClass = {astro-ph},
       adsurl = {https://ui.adsabs.harvard.edu/abs/2006ApJ...650..497B},
      adsnote = {Provided by the SAO/NASA Astrophysics Data System}
}

@ARTICLE{Vasconcellos_2011,
       author = {{Vasconcellos}, E.~C. and {de Carvalho}, R.~R. and {Gal}, R.~R. and {LaBarbera}, F.~L. and {Capelato}, H.~V. and {Frago Campos Velho}, H. and {Trevisan}, M. and {Ruiz}, R.~S.~R.},
        title = "{Decision Tree Classifiers for Star/Galaxy Separation}",
      journal = {\aj},
     keywords = {catalogs, methods: data analysis, surveys, virtual observatory tools, Astrophysics - Cosmology and Nongalactic Astrophysics, Astrophysics - Instrumentation and Methods for Astrophysics},
         year = 2011,
        month = jun,
       volume = {141},
       number = {6},
          eid = {189},
        pages = {189},
          doi = {10.1088/0004-6256/141/6/189},
archivePrefix = {arXiv},
       eprint = {1011.1951},
 primaryClass = {astro-ph.CO},
       adsurl = {https://ui.adsabs.harvard.edu/abs/2011AJ....141..189V},
      adsnote = {Provided by the SAO/NASA Astrophysics Data System}
}

@ARTICLE{Stoppa_2023,
       author = {{Stoppa}, F. and {Bhattacharyya}, S. and {Ruiz de Austri}, R. and {Vreeswijk}, P. and {Caron}, S. and {Zaharijas}, G. and {Bloemen}, S. and {Principe}, G. and {Malyshev}, D. and {Vodeb}, V. and {Groot}, P.~J. and {Cator}, E. and {Nelemans}, G.},
        title = "{AutoSourceID-Classifier. Star-galaxy classification using a convolutional neural network with spatial information}",
      journal = {\aap},
     keywords = {methods: data analysis, techniques: image processing, astronomical databases: miscellaneous, stars: imaging, Galaxies: statistics, Astrophysics - Instrumentation and Methods for Astrophysics, High Energy Physics - Phenomenology},
         year = 2023,
        month = dec,
       volume = {680},
          eid = {A109},
        pages = {A109},
          doi = {10.1051/0004-6361/202347576},
archivePrefix = {arXiv},
       eprint = {2307.14456},
 primaryClass = {astro-ph.IM},
       adsurl = {https://ui.adsabs.harvard.edu/abs/2023A&A...680A.109S},
      adsnote = {Provided by the SAO/NASA Astrophysics Data System}
}

@ARTICLE{Henrion_2011,
       author = {{Henrion}, Marc and {Mortlock}, Daniel J. and {Hand}, David J. and {Gandy}, Axel},
        title = "{A Bayesian approach to star-galaxy classification}",
      journal = {\mnras},
     keywords = {methods: statistical, surveys, Astrophysics - Instrumentation and Methods for Astrophysics, Physics - Data Analysis, Statistics and Probability, Statistics - Applications, 62P35},
         year = 2011,
        month = apr,
       volume = {412},
       number = {4},
        pages = {2286-2302},
          doi = {10.1111/j.1365-2966.2010.18055.x},
archivePrefix = {arXiv},
       eprint = {1011.5770},
 primaryClass = {astro-ph.IM},
       adsurl = {https://ui.adsabs.harvard.edu/abs/2011MNRAS.412.2286H},
      adsnote = {Provided by the SAO/NASA Astrophysics Data System}
}

@article{Friedman_2001,
    author = {{Friedman}, Jerome H.},
    title = {{Greedy function approximation: A gradient boosting machine.}},
    volume = {29},
    journal = {The Annals of Statistics},
    number = {5},
    publisher = {Institute of Mathematical Statistics},
    pages = {1189 -- 1232},
    keywords = {boosting, decision trees, Function estimation, robust nonparametric regression},
    year = {2001},
    doi = {10.1214/aos/1013203451},
    URL = {https://doi.org/10.1214/aos/1013203451}
}

@ARTICLE{Fu_2024,
       author = {{Fu}, Yuming and {Wu}, Xue-Bing and {Li}, Yifan and {Pang}, Yuxuan and {Joshi}, Ravi and {Zhang}, Shuo and {Wang}, Qiyue and {Yang}, Jing and {Ng}, FanLam and {Liu}, Xingjian and {Qiu}, Yu and {Zhu}, Rui and {Wang}, Huimei and {Wolf}, Christian and {Zhang}, Yanxia and {Huo}, Zhi-Ying and {Ai}, Y.~L. and {Ma}, Qinchun and {Feng}, Xiaotong and {Bouwens}, R.~J.},
        title = "{CatNorth: An Improved Gaia DR3 Quasar Candidate Catalog with Pan-STARRS1 and CatWISE}",
      journal = {\apjs},
     keywords = {Active galactic nuclei, Astrostatistics techniques, Catalogs, Quasars, Redshift surveys, 16, 1886, 205, 1319, 1378, Astrophysics - Astrophysics of Galaxies, Astrophysics - Cosmology and Nongalactic Astrophysics, Astrophysics - Instrumentation and Methods for Astrophysics},
         year = 2024,
        month = apr,
       volume = {271},
       number = {2},
          eid = {54},
        pages = {54},
          doi = {10.3847/1538-4365/ad2ae6},
archivePrefix = {arXiv},
       eprint = {2310.12704},
 primaryClass = {astro-ph.GA},
       adsurl = {https://ui.adsabs.harvard.edu/abs/2024ApJS..271...54F},
      adsnote = {Provided by the SAO/NASA Astrophysics Data System}
}

@ARTICLE{Jin_2019,
       author = {{Jin}, Xin and {Zhang}, Yanxia and {Zhang}, Jingyi and {Zhao}, Yongheng and {Wu}, Xue-bing and {Fan}, Dongwei},
        title = "{Efficient selection of quasar candidates based on optical and infrared photometric data using machine learning}",
      journal = {\mnras},
     keywords = {methods: statistical, astronomical data bases: miscellaneous, catalogues, galaxies: distances and redshifts, quasars: general, Astrophysics - Instrumentation and Methods for Astrophysics, Astrophysics - Astrophysics of Galaxies},
         year = 2019,
        month = jun,
       volume = {485},
       number = {4},
        pages = {4539-4549},
          doi = {10.1093/mnras/stz680},
archivePrefix = {arXiv},
       eprint = {1903.03335},
 primaryClass = {astro-ph.IM},
       adsurl = {https://ui.adsabs.harvard.edu/abs/2019MNRAS.485.4539J},
      adsnote = {Provided by the SAO/NASA Astrophysics Data System}
}

@ARTICLE{Nakoneczny_2021,
       author = {{Nakoneczny}, S.~J. and {Bilicki}, M. and {Pollo}, A. and {Asgari}, M. and {Dvornik}, A. and {Erben}, T. and {Giblin}, B. and {Heymans}, C. and {Hildebrandt}, H. and {Kannawadi}, A. and {Kuijken}, K. and {Napolitano}, N.~R. and {Valentijn}, E.},
        title = "{Photometric selection and redshifts for quasars in the Kilo-Degree Survey Data Release 4}",
      journal = {\aap},
     keywords = {methods: data analysis, methods: observational, catalogs, surveys, quasars: general, large-scale structure of Universe, Astrophysics - Cosmology and Nongalactic Astrophysics},
         year = 2021,
        month = may,
       volume = {649},
          eid = {A81},
        pages = {A81},
          doi = {10.1051/0004-6361/202039684},
archivePrefix = {arXiv},
       eprint = {2010.13857},
 primaryClass = {astro-ph.CO},
       adsurl = {https://ui.adsabs.harvard.edu/abs/2021A&A...649A..81N},
      adsnote = {Provided by the SAO/NASA Astrophysics Data System}
}

@ARTICLE{Zeraatgari_2024,
       author = {{Zeraatgari}, Fatemeh Zahra and {Hafezianzadeh}, Fatemeh and {Zhang}, Yanxia and {Mei}, Liquan and {Ayubinia}, Ashraf and {Mosallanezhad}, Amin and {Zhang}, Jingyi},
        title = "{Machine learning-based photometric classification of galaxies, quasars, emission-line galaxies, and stars}",
      journal = {\mnras},
     keywords = {method: data analysis - methods: statistical - techniques: photometric - astronomical data bases: miscellaneous - catalogues - quasars: emission lines, Astrophysics - Astrophysics of Galaxies},
         year = 2024,
        month = jan,
       volume = {527},
       number = {3},
        pages = {4677-4689},
          doi = {10.1093/mnras/stad3436},
archivePrefix = {arXiv},
       eprint = {2311.02951},
 primaryClass = {astro-ph.GA},
       adsurl = {https://ui.adsabs.harvard.edu/abs/2024MNRAS.527.4677Z},
      adsnote = {Provided by the SAO/NASA Astrophysics Data System}
}

@ARTICLE{vonMarttens_2024,
       author = {{von Marttens}, R. and {Marra}, V. and {Quartin}, M. and {Casarini}, L. and {Baqui}, P.~O. and {Alvarez-Candal}, A. and {Galindo-Guil}, F.~J. and {Fern{\'a}ndez-Ontiveros}, J.~A. and {del Pino}, Andr{\'e}s and {D{\'\i}az-Garc{\'\i}a}, L.~A. and {L{\'o}pez-Sanjuan}, C. and {Alcaniz}, J. and {Angulo}, R. and {Cenarro}, A.~J. and {Crist{\'o}bal-Hornillos}, D. and {Dupke}, R. and {Ederoclite}, A. and {Hern{\'a}ndez-Monteagudo}, C. and {Mar{\'\i}n-Franch}, A. and {Moles}, M. and {Sodr{\'e}}, L. and {Varela}, J. and {V{\'a}zquez Rami{\'o}}, H.},
        title = "{J-PLUS: galaxy-star-quasar classification for DR3}",
      journal = {\mnras},
     keywords = {methods: data analysis, surveys, catalogues, galaxies: general, stars: general, quasars: general, Astrophysics - Astrophysics of Galaxies, Astrophysics - Cosmology and Nongalactic Astrophysics},
         year = 2024,
        month = jan,
       volume = {527},
       number = {2},
        pages = {3347-3365},
          doi = {10.1093/mnras/stad3373},
archivePrefix = {arXiv},
       eprint = {2212.05868},
 primaryClass = {astro-ph.GA},
       adsurl = {https://ui.adsabs.harvard.edu/abs/2024MNRAS.527.3347V},
      adsnote = {Provided by the SAO/NASA Astrophysics Data System}
}

@ARTICLE{Rehemtulla_2024,
       author = {{Rehemtulla}, Nabeel and {Miller}, Adam A. and {Jegou Du Laz}, Theophile and {Coughlin}, Michael W. and {Fremling}, Christoffer and {Perley}, Daniel A. and {Qin}, Yu-Jing and {Sollerman}, Jesper and {Mahabal}, Ashish A. and {Laher}, Russ R. and {Riddle}, Reed and {Rusholme}, Ben and {Kulkarni}, Shrinivas R.},
        title = "{The Zwicky Transient Facility Bright Transient Survey. III. $\texttt{BTSbot}$: Automated Identification and Follow-up of Bright Transients with Deep Learning}",
      journal = {arXiv e-prints},
     keywords = {Astrophysics - Instrumentation and Methods for Astrophysics},
         year = 2024,
        month = jan,
          eid = {arXiv:2401.15167},
        pages = {arXiv:2401.15167},
          doi = {10.48550/arXiv.2401.15167},
archivePrefix = {arXiv},
       eprint = {2401.15167},
 primaryClass = {astro-ph.IM},
       adsurl = {https://ui.adsabs.harvard.edu/abs/2024arXiv240115167R},
      adsnote = {Provided by the SAO/NASA Astrophysics Data System}
}

@ARTICLE{Stein_2024,
       author = {{Stein}, Robert and {Mahabal}, Ashish and {Reusch}, Simeon and {Graham}, Matthew and {Kasliwal}, Mansi M. and {Kowalski}, Marek and {Gezari}, Suvi and {Hammerstein}, Erica and {Nakoneczny}, Szymon J. and {Nicholl}, Matt and {Sollerman}, Jesper and {van Velzen}, Sjoert and {Yao}, Yuhan and {Laher}, Russ R. and {Rusholme}, Ben},
        title = "{tdescore: An Accurate Photometric Classifier for Tidal Disruption Events}",
      journal = {\apjl},
     keywords = {Tidal disruption, Time domain astronomy, Black holes, Galaxy nuclei, Sky surveys, 1696, 2109, 162, 609, 1464, Astrophysics - Instrumentation and Methods for Astrophysics, Astrophysics - High Energy Astrophysical Phenomena},
         year = 2024,
        month = apr,
       volume = {965},
       number = {2},
          eid = {L14},
        pages = {L14},
          doi = {10.3847/2041-8213/ad3337},
archivePrefix = {arXiv},
       eprint = {2312.00139},
 primaryClass = {astro-ph.IM},
       adsurl = {https://ui.adsabs.harvard.edu/abs/2024ApJ...965L..14S},
      adsnote = {Provided by the SAO/NASA Astrophysics Data System}
}


@ARTICLE{Fink_2021,
       author = {{M{\"o}ller}, Anais and {Peloton}, Julien and {Ishida}, Emille E.~O. and {Arnault}, Chris and {Bachelet}, Etienne and {Blaineau}, Tristan and {Boutigny}, Dominique and {Chauhan}, Abhishek and {Gangler}, Emmanuel and {Hernandez}, Fabio and {Hrivnac}, Julius and {Leoni}, Marco and {Leroy}, Nicolas and {Moniez}, Marc and {Pateyron}, Sacha and {Ramparison}, Adrien and {Turpin}, Damien and {Ansari}, R{\'e}za and {Allam}, Tarek, Jr. and {Bajat}, Armelle and {Biswas}, Biswajit and {Boucaud}, Alexandre and {Bregeon}, Johan and {Campagne}, Jean-Eric and {Cohen-Tanugi}, Johann and {Coleiro}, Alexis and {Dornic}, Damien and {Fouchez}, Dominique and {Godet}, Olivier and {Gris}, Philippe and {Karpov}, Sergey and {Nebot Gomez-Moran}, Ada and {Neveu}, J{\'e}r{\'e}my and {Plaszczynski}, Stephane and {Savchenko}, Volodymyr and {Webb}, Natalie},
        title = "{FINK, a new generation of broker for the LSST community}",
      journal = {\mnras},
     keywords = {gravitational lensing: micro, methods: data analysis, surveys, software: data analysis, gamma-ray bursts, transients: supernovae, Astrophysics - Instrumentation and Methods for Astrophysics, Astrophysics - High Energy Astrophysical Phenomena},
         year = 2021,
        month = mar,
       volume = {501},
       number = {3},
        pages = {3272-3288},
          doi = {10.1093/mnras/staa3602},
archivePrefix = {arXiv},
       eprint = {2009.10185},
 primaryClass = {astro-ph.IM},
       adsurl = {https://ui.adsabs.harvard.edu/abs/2021MNRAS.501.3272M},
      adsnote = {Provided by the SAO/NASA Astrophysics Data System}
}

@ARTICLE{ALeRCE_2021,
       author = {{S{\'a}nchez-S{\'a}ez}, P. and {Reyes}, I. and {Valenzuela}, C. and {F{\"o}rster}, F. and {Eyheramendy}, S. and {Elorrieta}, F. and {Bauer}, F.~E. and {Cabrera-Vives}, G. and {Est{\'e}vez}, P.~A. and {Catelan}, M. and {Pignata}, G. and {Huijse}, P. and {De Cicco}, D. and {Ar{\'e}valo}, P. and {Carrasco-Davis}, R. and {Abril}, J. and {Kurtev}, R. and {Borissova}, J. and {Arredondo}, J. and {Castillo-Navarrete}, E. and {Rodriguez}, D. and {Ruz-Mieres}, D. and {Moya}, A. and {Sabatini-Gacit{\'u}a}, L. and {Sep{\'u}lveda-Cobo}, C. and {Camacho-I{\~n}iguez}, E.},
        title = "{Alert Classification for the ALeRCE Broker System: The Light Curve Classifier}",
      journal = {\aj},
     keywords = {Active galaxies, Astronomy data analysis, Variable stars, Supernovae, Surveys, 17, 1858, 1761, 1668, 1671, Astrophysics - Instrumentation and Methods for Astrophysics, Astrophysics - Astrophysics of Galaxies, Astrophysics - High Energy Astrophysical Phenomena, Astrophysics - Solar and Stellar Astrophysics},
         year = 2021,
        month = mar,
       volume = {161},
       number = {3},
          eid = {141},
        pages = {141},
          doi = {10.3847/1538-3881/abd5c1},
archivePrefix = {arXiv},
       eprint = {2008.03311},
 primaryClass = {astro-ph.IM},
       adsurl = {https://ui.adsabs.harvard.edu/abs/2021AJ....161..141S},
      adsnote = {Provided by the SAO/NASA Astrophysics Data System}
}

@ARTICLE{Philip_2002,
       author = {{Philip}, N.~S. and {Wadadekar}, Y. and {Kembhavi}, A. and {Joseph}, K.~B.},
        title = "{A difference boosting neural network for automated star-galaxy classification}",
      journal = {\aap},
     keywords = {GALAXIES: FUNDAMENTAL PARAMETERS, STARS: FUNDAMENTAL PARAMETERS, METHODS: STATISTICAL, METHODS: DATA ANALYSIS, Astrophysics},
         year = 2002,
        month = apr,
       volume = {385},
        pages = {1119-1126},
          doi = {10.1051/0004-6361:20020219},
archivePrefix = {arXiv},
       eprint = {astro-ph/0202127},
 primaryClass = {astro-ph},
       adsurl = {https://ui.adsabs.harvard.edu/abs/2002A&A...385.1119P},
      adsnote = {Provided by the SAO/NASA Astrophysics Data System}
}

@ARTICLE{Costa-Duarte_2019,
       author = {{Costa-Duarte}, M.~V. and {Sampedro}, L. and {Molino}, A. and {Xavier}, H.~S. and {Herpich}, F.~R. and {Chies-Santos}, A.~L. and {Barbosa}, C.~E. and {Cortesi}, A. and {Schoenell}, W. and {Kanaan}, A. and {Ribeiro}, T. and {Mendes de Oliveira}, C. and {Akras}, S. and {Alvarez-Candal}, A. and {Barbosa}, C.~L. and {Castell{\'o}n}, J.~L.~N. and {Coelho}, P. and {Dantas}, M.~L.~L. and {Dupke}, R. and {Ederoclite}, A. and {Galarza}, A. and {Gon{\c{c}}alves}, T.~S. and {Hernandez-Jimenez}, J.~A. and {Jim{\'e}nez-Teja}, Y. and {Lopes}, A. and {Lopes}, P.~A.~A. and {Lopes de Oliveira}, R. and {Melo de Azevedo}, J.~L. and {Nakazono}, L.~M. and {Perottoni}, H.~D. and {Queiroz}, C. and {Saha}, K. and {Sodr{\'e}}, L., Jr. and {Telles}, E. and {Thom de Souza}, R.~C.},
        title = "{The S-PLUS: a star/galaxy classification based on a Machine Learning approach}",
      journal = {arXiv e-prints},
     keywords = {Astrophysics - Astrophysics of Galaxies, Astrophysics - Instrumentation and Methods for Astrophysics},
         year = 2019,
        month = sep,
          eid = {arXiv:1909.08626},
        pages = {arXiv:1909.08626},
          doi = {10.48550/arXiv.1909.08626},
archivePrefix = {arXiv},
       eprint = {1909.08626},
 primaryClass = {astro-ph.GA},
       adsurl = {https://ui.adsabs.harvard.edu/abs/2019arXiv190908626C},
      adsnote = {Provided by the SAO/NASA Astrophysics Data System}
}

@ARTICLE{Kovacs_2015,
       author = {{Kov{\'a}cs}, Andr{\'a}s and {Szapudi}, Istv{\'a}n},
        title = "{Star-galaxy separation strategies for WISE-2MASS all-sky infrared galaxy catalogues}",
      journal = {\mnras},
     keywords = {catalogues, large-scale structure of Universe, Astrophysics - Cosmology and Nongalactic Astrophysics},
         year = 2015,
        month = apr,
       volume = {448},
       number = {2},
        pages = {1305-1313},
          doi = {10.1093/mnras/stv063},
archivePrefix = {arXiv},
       eprint = {1401.0156},
 primaryClass = {astro-ph.CO},
       adsurl = {https://ui.adsabs.harvard.edu/abs/2015MNRAS.448.1305K},
      adsnote = {Provided by the SAO/NASA Astrophysics Data System}
}

@ARTICLE{Qin_2024,
       author = {{Qin}, Yu-Jing and {Zabludoff}, Ann and {Arcavi}, Iair and {Smith}, Nathan and {Faerman}, Yakov and {Maoz}, Dan},
        title = "{The statistics and environments of hostless supernovae}",
      journal = {\mnras},
         year = 2024,
        month = jun,
       volume = {530},
       number = {4},
        pages = {4695-4711},
          doi = {10.1093/mnras/stae887},
       adsurl = {https://ui.adsabs.harvard.edu/abs/2024MNRAS.530.4695Q},
      adsnote = {Provided by the SAO/NASA Astrophysics Data System}
}

@ARTICLE{Bertin_1996,
       author = {{Bertin}, E. and {Arnouts}, S.},
        title = "{SExtractor: Software for source extraction.}",
      journal = {\aaps},
     keywords = {METHODS: DATA ANALYSIS, TECHNIQUES: IMAGE PROCESSING, GALAXIES: PHOTOMETRY},
         year = 1996,
        month = jun,
       volume = {117},
        pages = {393-404},
          doi = {10.1051/aas:1996164},
       adsurl = {https://ui.adsabs.harvard.edu/abs/1996A&AS..117..393B},
      adsnote = {Provided by the SAO/NASA Astrophysics Data System}
}

