@software{ben_johnson_2022,
  author       = {Ben Johnson and
                  Joel Leja and
                  Will Bowman and
                  Moustakas and
                  Wren Suess and
                  Sirio Belli and
                  James Guillochon and
                  Imad Pasha and
                  Josh Speagle and
                  Theodore Pena and
                  Scott Coughlin},
  title        = {bd-j/prospector: v1.1},
  month        = feb,
  year         = 2022,
  publisher    = {Zenodo},
  version      = {v1.1.0},
  doi          = {10.5281/zenodo.6192136},
  url          = {https://doi.org/10.5281/zenodo.6192136}
}

@ARTICLE{Johnson_prospector_2021,
       author = {{Johnson}, Benjamin D. and {Leja}, Joel and {Conroy}, Charlie and {Speagle}, Joshua S.},
        title = "{Stellar Population Inference with Prospector}",
      journal = {\apjs},
     keywords = {Galaxy evolution, Spectral energy distribution, Astronomy data modeling, 594, 2129, 1859, Astrophysics - Astrophysics of Galaxies, Astrophysics - Instrumentation and Methods for Astrophysics},
         year = 2021,
        month = jun,
       volume = {254},
       number = {2},
          eid = {22},
        pages = {22},
          doi = {10.3847/1538-4365/abef67},
archivePrefix = {arXiv},
       eprint = {2012.01426},
 primaryClass = {astro-ph.GA},
       adsurl = {https://ui.adsabs.harvard.edu/abs/2021ApJS..254...22J},
      adsnote = {Provided by the SAO/NASA Astrophysics Data System}
}

@MISC{ForemanMackey_FSPS_2014,
       author = {{Foreman-Mackey}, Dan and {Sick}, Jonathan and {Johnson}, Ben},
        title = "{Python-Fsps: Python Bindings To Fsps (V0.1.1)}",
         year = 2014,
        month = oct,
          eid = {10.5281/zenodo.12157},
          doi = {10.5281/zenodo.12157},
      version = {v0.1.1},
    publisher = {Zenodo},
       adsurl = {https://ui.adsabs.harvard.edu/abs/2014zndo.....12157F},
      adsnote = {Provided by the SAO/NASA Astrophysics Data System}
}

@ARTICLE{emcee_2013,
       author = {{Foreman-Mackey}, Daniel and {Hogg}, David W. and {Lang}, Dustin and {Goodman}, Jonathan},
        title = "{emcee: The MCMC Hammer}",
      journal = {\pasp},
     keywords = {Astrophysics - Instrumentation and Methods for Astrophysics, Physics - Computational Physics, Statistics - Computation},
         year = 2013,
        month = mar,
       volume = {125},
       number = {925},
        pages = {306},
          doi = {10.1086/670067},
archivePrefix = {arXiv},
       eprint = {1202.3665},
 primaryClass = {astro-ph.IM},
       adsurl = {https://ui.adsabs.harvard.edu/abs/2013PASP..125..306F},
      adsnote = {Provided by the SAO/NASA Astrophysics Data System}
}


@ARTICLE{Astropy_2013,
       author = {{Astropy Collaboration} and {Robitaille}, Thomas P. and {Tollerud}, Erik J. and {Greenfield}, Perry and {Droettboom}, Michael and {Bray}, Erik and {Aldcroft}, Tom and {Davis}, Matt and {Ginsburg}, Adam and {Price-Whelan}, Adrian M. and {Kerzendorf}, Wolfgang E. and {Conley}, Alexander and {Crighton}, Neil and {Barbary}, Kyle and {Muna}, Demitri and {Ferguson}, Henry and {Grollier}, Fr{\'e}d{\'e}ric and {Parikh}, Madhura M. and {Nair}, Prasanth H. and {Unther}, Hans M. and {Deil}, Christoph and {Woillez}, Julien and {Conseil}, Simon and {Kramer}, Roban and {Turner}, James E.~H. and {Singer}, Leo and {Fox}, Ryan and {Weaver}, Benjamin A. and {Zabalza}, Victor and {Edwards}, Zachary I. and {Azalee Bostroem}, K. and {Burke}, D.~J. and {Casey}, Andrew R. and {Crawford}, Steven M. and {Dencheva}, Nadia and {Ely}, Justin and {Jenness}, Tim and {Labrie}, Kathleen and {Lim}, Pey Lian and {Pierfederici}, Francesco and {Pontzen}, Andrew and {Ptak}, Andy and {Refsdal}, Brian and {Servillat}, Mathieu and {Streicher}, Ole},
        title = "{Astropy: A community Python package for astronomy}",
      journal = {A\&A},
     keywords = {methods: data analysis, methods: miscellaneous, virtual observatory tools, Astrophysics - Instrumentation and Methods for Astrophysics},
         year = 2013,
        month = oct,
       volume = {558},
          eid = {A33},
        pages = {A33},
          doi = {10.1051/0004-6361/201322068},
archivePrefix = {arXiv},
       eprint = {1307.6212},
 primaryClass = {astro-ph.IM},
       adsurl = {https://ui.adsabs.harvard.edu/abs/2013A&A...558A..33A},
      adsnote = {Provided by the SAO/NASA Astrophysics Data System}
}

@ARTICLE{Astropy_2018,
       author = {{Astropy Collaboration} and {Price-Whelan}, A.~M. and {Sip{\H{o}}cz}, B.~M. and {G{\"u}nther}, H.~M. and {Lim}, P.~L. and {Crawford}, S.~M. and {Conseil}, S. and {Shupe}, D.~L. and {Craig}, M.~W. and {Dencheva}, N. and {Ginsburg}, A. and {VanderPlas}, J.~T. and {Bradley}, L.~D. and {P{\'e}rez-Su{\'a}rez}, D. and {de Val-Borro}, M. and {Aldcroft}, T.~L. and {Cruz}, K.~L. and {Robitaille}, T.~P. and {Tollerud}, E.~J. and {Ardelean}, C. and {Babej}, T. and {Bach}, Y.~P. and {Bachetti}, M. and {Bakanov}, A.~V. and {Bamford}, S.~P. and {Barentsen}, G. and {Barmby}, P. and {Baumbach}, A. and {Berry}, K.~L. and {Biscani}, F. and {Boquien}, M. and {Bostroem}, K.~A. and {Bouma}, L.~G. and {Brammer}, G.~B. and {Bray}, E.~M. and {Breytenbach}, H. and {Buddelmeijer}, H. and {Burke}, D.~J. and {Calderone}, G. and {Cano Rodr{\'\i}guez}, J.~L. and {Cara}, M. and {Cardoso}, J.~V.~M. and {Cheedella}, S. and {Copin}, Y. and {Corrales}, L. and {Crichton}, D. and {D'Avella}, D. and {Deil}, C. and {Depagne}, {\'E}. and {Dietrich}, J.~P. and {Donath}, A. and {Droettboom}, M. and {Earl}, N. and {Erben}, T. and {Fabbro}, S. and {Ferreira}, L.~A. and {Finethy}, T. and {Fox}, R.~T. and {Garrison}, L.~H. and {Gibbons}, S.~L.~J. and {Goldstein}, D.~A. and {Gommers}, R. and {Greco}, J.~P. and {Greenfield}, P. and {Groener}, A.~M. and {Grollier}, F. and {Hagen}, A. and {Hirst}, P. and {Homeier}, D. and {Horton}, A.~J. and {Hosseinzadeh}, G. and {Hu}, L. and {Hunkeler}, J.~S. and {Ivezi{\'c}}, {\v{Z}}. and {Jain}, A. and {Jenness}, T. and {Kanarek}, G. and {Kendrew}, S. and {Kern}, N.~S. and {Kerzendorf}, W.~E. and {Khvalko}, A. and {King}, J. and {Kirkby}, D. and {Kulkarni}, A.~M. and {Kumar}, A. and {Lee}, A. and {Lenz}, D. and {Littlefair}, S.~P. and {Ma}, Z. and {Macleod}, D.~M. and {Mastropietro}, M. and {McCully}, C. and {Montagnac}, S. and {Morris}, B.~M. and {Mueller}, M. and {Mumford}, S.~J. and {Muna}, D. and {Murphy}, N.~A. and {Nelson}, S. and {Nguyen}, G.~H. and {Ninan}, J.~P. and {N{\"o}the}, M. and {Ogaz}, S. and {Oh}, S. and {Parejko}, J.~K. and {Parley}, N. and {Pascual}, S. and {Patil}, R. and {Patil}, A.~A. and {Plunkett}, A.~L. and {Prochaska}, J.~X. and {Rastogi}, T. and {Reddy Janga}, V. and {Sabater}, J. and {Sakurikar}, P. and {Seifert}, M. and {Sherbert}, L.~E. and {Sherwood-Taylor}, H. and {Shih}, A.~Y. and {Sick}, J. and {Silbiger}, M.~T. and {Singanamalla}, S. and {Singer}, L.~P. and {Sladen}, P.~H. and {Sooley}, K.~A. and {Sornarajah}, S. and {Streicher}, O. and {Teuben}, P. and {Thomas}, S.~W. and {Tremblay}, G.~R. and {Turner}, J.~E.~H. and {Terr{\'o}n}, V. and {van Kerkwijk}, M.~H. and {de la Vega}, A. and {Watkins}, L.~L. and {Weaver}, B.~A. and {Whitmore}, J.~B. and {Woillez}, J. and {Zabalza}, V. and {Astropy Contributors}},
        title = "{The Astropy Project: Building an Open-science Project and Status of the v2.0 Core Package}",
      journal = {\aj},
     keywords = {methods: data analysis, methods: miscellaneous, methods: statistical, reference systems, Astrophysics - Instrumentation and Methods for Astrophysics},
         year = 2018,
        month = sep,
       volume = {156},
       number = {3},
          eid = {123},
        pages = {123},
          doi = {10.3847/1538-3881/aabc4f},
archivePrefix = {arXiv},
       eprint = {1801.02634},
 primaryClass = {astro-ph.IM},
       adsurl = {https://ui.adsabs.harvard.edu/abs/2018AJ....156..123A},
      adsnote = {Provided by the SAO/NASA Astrophysics Data System}
}

@ARTICLE{Scipy_2020,
       author = {{Virtanen}, Pauli and {Gommers}, Ralf and {Oliphant}, Travis E. and {Haberland}, Matt and {Reddy}, Tyler and {Cournapeau}, David and {Burovski}, Evgeni and {Peterson}, Pearu and {Weckesser}, Warren and {Bright}, Jonathan and {van der Walt}, St{\'e}fan J. and {Brett}, Matthew and {Wilson}, Joshua and {Millman}, K. Jarrod and {Mayorov}, Nikolay and {Nelson}, Andrew R.~J. and {Jones}, Eric and {Kern}, Robert and {Larson}, Eric and {Carey}, C.~J. and {Polat}, {\.I}lhan and {Feng}, Yu and {Moore}, Eric W. and {VanderPlas}, Jake and {Laxalde}, Denis and {Perktold}, Josef and {Cimrman}, Robert and {Henriksen}, Ian and {Quintero}, E.~A. and {Harris}, Charles R. and {Archibald}, Anne M. and {Ribeiro}, Ant{\^o}nio H. and {Pedregosa}, Fabian and {van Mulbregt}, Paul and {SciPy 1. 0 Contributors}},
        title = "{SciPy 1.0: fundamental algorithms for scientific computing in Python}",
      journal = {Nature Methods},
     keywords = {Computer Science - Mathematical Software, Computer Science - Data Structures and Algorithms, Computer Science - Software Engineering, Physics - Computational Physics},
         year = 2020,
        month = feb,
       volume = {17},
        pages = {261-272},
          doi = {10.1038/s41592-019-0686-2},
archivePrefix = {arXiv},
       eprint = {1907.10121},
 primaryClass = {cs.MS},
       adsurl = {https://ui.adsabs.harvard.edu/abs/2020NatMe..17..261V},
      adsnote = {Provided by the SAO/NASA Astrophysics Data System}
}

@ARTICLE{Matplotlib_2007,
       author = {{Hunter}, John D.},
        title = "{Matplotlib: A 2D Graphics Environment}",
      journal = {Computing in Science and Engineering},
     keywords = {Python, Scripting languages, Application development, Scientific programming},
         year = 2007,
        month = may,
       volume = {9},
       number = {3},
        pages = {90-95},
          doi = {10.1109/MCSE.2007.55},
       adsurl = {https://ui.adsabs.harvard.edu/abs/2007CSE.....9...90H},
      adsnote = {Provided by the SAO/NASA Astrophysics Data System}
}

@article{scikit-learn,
 title={Scikit-learn: Machine Learning in {P}ython},
 author={Pedregosa, F. and Varoquaux, G. and Gramfort, A. and Michel, V.
         and Thirion, B. and Grisel, O. and Blondel, M. and Prettenhofer, P.
         and Weiss, R. and Dubourg, V. and Vanderplas, J. and Passos, A. and
         Cournapeau, D. and Brucher, M. and Perrot, M. and Duchesnay, E.},
 journal={Journal of Machine Learning Research},
 volume={12},
 pages={2825--2830},
 year={2011}
}

@article{Waskom_seaborn_2021,
    doi = {10.21105/joss.03021},
    url = {https://doi.org/10.21105/joss.03021},
    year = {2021},
    publisher = {The Open Journal},
    volume = {6},
    number = {60},
    pages = {3021},
    author = {Michael L. Waskom},
    title = {seaborn: statistical data visualization},
    journal = {Journal of Open Source Software}
 }

 @ARTICLE{Speagle_dynesty_2020,
       author = {{Speagle}, Joshua S.},
        title = "{DYNESTY: a dynamic nested sampling package for estimating Bayesian posteriors and evidences}",
      journal = {\mnras},
     keywords = {methods: data analysis, methods: statistical, Astrophysics - Instrumentation and Methods for Astrophysics, Statistics - Computation},
         year = 2020,
        month = apr,
       volume = {493},
       number = {3},
        pages = {3132-3158},
          doi = {10.1093/mnras/staa278},
archivePrefix = {arXiv},
       eprint = {1904.02180},
 primaryClass = {astro-ph.IM},
       adsurl = {https://ui.adsabs.harvard.edu/abs/2020MNRAS.493.3132S},
      adsnote = {Provided by the SAO/NASA Astrophysics Data System}
}

@ARTICLE{Conroy_2009,
       author = {{Conroy}, Charlie and {Gunn}, James E. and {White}, Martin},
        title = "{The Propagation of Uncertainties in Stellar Population Synthesis Modeling. I. The Relevance of Uncertain Aspects of Stellar Evolution and the Initial Mass Function to the Derived Physical Properties of Galaxies}",
      journal = {\apj},
     keywords = {galaxies: evolution, galaxies: stellar content, stars: evolution, Astrophysics},
         year = 2009,
        month = jul,
       volume = {699},
       number = {1},
        pages = {486-506},
          doi = {10.1088/0004-637X/699/1/486},
archivePrefix = {arXiv},
       eprint = {0809.4261},
 primaryClass = {astro-ph},
       adsurl = {https://ui.adsabs.harvard.edu/abs/2009ApJ...699..486C},
      adsnote = {Provided by the SAO/NASA Astrophysics Data System}
}

@ARTICLE{Conroy_2010,
       author = {{Conroy}, Charlie and {Gunn}, James E.},
        title = "{The Propagation of Uncertainties in Stellar Population Synthesis Modeling. III. Model Calibration, Comparison, and Evaluation}",
      journal = {\apj},
     keywords = {galaxies: evolution, galaxies: stellar content, stars: evolution, Astrophysics - Cosmology and Nongalactic Astrophysics},
         year = 2010,
        month = apr,
       volume = {712},
       number = {2},
        pages = {833-857},
          doi = {10.1088/0004-637X/712/2/833},
archivePrefix = {arXiv},
       eprint = {0911.3151},
 primaryClass = {astro-ph.CO},
       adsurl = {https://ui.adsabs.harvard.edu/abs/2010ApJ...712..833C},
      adsnote = {Provided by the SAO/NASA Astrophysics Data System}
}

@ARTICLE{Kasen_Sedona_2006,
       author = {{Kasen}, Daniel and {Thomas}, R.~C. and {Nugent}, P.},
        title = "{Time-dependent Monte Carlo Radiative Transfer Calculations for Three-dimensional Supernova Spectra, Light Curves, and Polarization}",
      journal = {\apj},
     keywords = {Polarization, Radiative Transfer, Stars: Supernovae: General, Astrophysics},
         year = 2006,
        month = nov,
       volume = {651},
       number = {1},
        pages = {366-380},
          doi = {10.1086/506190},
archivePrefix = {arXiv},
       eprint = {astro-ph/0606111},
 primaryClass = {astro-ph},
       adsurl = {https://ui.adsabs.harvard.edu/abs/2006ApJ...651..366K},
      adsnote = {Provided by the SAO/NASA Astrophysics Data System}
}

@ARTICLE{Almgren_Castro_2010,
       author = {{Almgren}, A.~S. and {Beckner}, V.~E. and {Bell}, J.~B. and {Day}, M.~S. and {Howell}, L.~H. and {Joggerst}, C.~C. and {Lijewski}, M.~J. and {Nonaka}, A. and {Singer}, M. and {Zingale}, M.},
        title = "{CASTRO: A New Compressible Astrophysical Solver. I. Hydrodynamics and Self-gravity}",
      journal = {\apj},
     keywords = {equation of state, gravitation, hydrodynamics, methods: numerical, nuclear reactions, nucleosynthesis, abundances, Astrophysics - Instrumentation and Methods for Astrophysics},
         year = 2010,
        month = jun,
       volume = {715},
       number = {2},
        pages = {1221-1238},
          doi = {10.1088/0004-637X/715/2/1221},
archivePrefix = {arXiv},
       eprint = {1005.0114},
 primaryClass = {astro-ph.IM},
       adsurl = {https://ui.adsabs.harvard.edu/abs/2010ApJ...715.1221A},
      adsnote = {Provided by the SAO/NASA Astrophysics Data System}
}

@ARTICLE{Rigault_pysedm_2019,
       author = {{Rigault}, M. and {Neill}, J.~D. and {Blagorodnova}, N. and {Dugas}, A. and {Feeney}, M. and {Walters}, R. and {Brinnel}, V. and {Copin}, Y. and {Fremling}, C. and {Nordin}, J. and {Sollerman}, J.},
        title = "{Fully automated integral field spectrograph pipeline for the SEDMachine: pysedm}",
      journal = {\aap},
     keywords = {instrumentation: spectrographs, methods: observational, techniques: spectroscopic, surveys, methods: data analysis, Astrophysics - Instrumentation and Methods for Astrophysics},
         year = 2019,
        month = jul,
       volume = {627},
          eid = {A115},
        pages = {A115},
          doi = {10.1051/0004-6361/201935344},
archivePrefix = {arXiv},
       eprint = {1902.08526},
 primaryClass = {astro-ph.IM},
       adsurl = {https://ui.adsabs.harvard.edu/abs/2019A&A...627A.115R},
      adsnote = {Provided by the SAO/NASA Astrophysics Data System}
}

@ARTICLE{Mazzali_2015,
       author = {{Mazzali}, P.~A. and {Sullivan}, M. and {Filippenko}, A.~V. and {Garnavich}, P.~M. and {Clubb}, K.~I. and {Maguire}, K. and {Pan}, Y. -C. and {Shappee}, B. and {Silverman}, J.~M. and {Benetti}, S. and {Hachinger}, S. and {Nomoto}, K. and {Pian}, E.},
        title = "{Nebular spectra and abundance tomography of the Type Ia supernova SN 2011fe: a normal SN Ia with a stable Fe core}",
      journal = {\mnras},
     keywords = {radiative transfer, techniques: spectroscopic, supernovae: general, superno-vae: individual: (SN 2011fe), Astrophysics - High Energy Astrophysical Phenomena, Astrophysics - Solar and Stellar Astrophysics},
         year = 2015,
        month = jul,
       volume = {450},
       number = {3},
        pages = {2631-2643},
          doi = {10.1093/mnras/stv761},
archivePrefix = {arXiv},
       eprint = {1504.04857},
 primaryClass = {astro-ph.HE},
       adsurl = {https://ui.adsabs.harvard.edu/abs/2015MNRAS.450.2631M},
      adsnote = {Provided by the SAO/NASA Astrophysics Data System}
}


@ARTICLE{Blondin_SNID_2007,
       author = {{Blondin}, St{\'e}phane and {Tonry}, John L.},
        title = "{Determining the Type, Redshift, and Age of a Supernova Spectrum}",
      journal = {\apj},
     keywords = {Methods: Data Analysis, Methods: Statistical, Stars: Supernovae: General, Astrophysics},
         year = 2007,
        month = sep,
       volume = {666},
       number = {2},
        pages = {1024-1047},
          doi = {10.1086/520494},
archivePrefix = {arXiv},
       eprint = {0709.4488},
 primaryClass = {astro-ph},
       adsurl = {https://ui.adsabs.harvard.edu/abs/2007ApJ...666.1024B},
      adsnote = {Provided by the SAO/NASA Astrophysics Data System}
}

@MISC{Wright2016a,
       author = {{Wright}, Angus H.},
        title = "{LAMBDAR: Lambda Adaptive Multi-Band Deblending Algorithm in R}",
     keywords = {Software},
 howpublished = {Astrophysics Source Code Library, record ascl:1604.003},
         year = 2016,
        month = apr,
          eid = {ascl:1604.003},
        pages = {ascl:1604.003},
archivePrefix = {ascl},
       eprint = {1604.003},
       adsurl = {https://ui.adsabs.harvard.edu/abs/2016ascl.soft04003W},
      adsnote = {Provided by the SAO/NASA Astrophysics Data System}
}

@ARTICLE{pypeit:joss_arXiv,
       author = {{Prochaska}, J. Xavier and {Hennawi}, Joseph F. and {Westfall}, Kyle B. and
         {Cooke}, Ryan J. and {Wang}, Feige and {Hsyu}, Tiffany and
         {Davies}, Frederick B. and {Farina}, Emanuele Paolo},
        title = "{PypeIt: The Python Spectroscopic Data Reduction Pipeline}",
      journal = {arXiv e-prints},
     keywords = {Astrophysics - Instrumentation and Methods for Astrophysics},
         year = 2020,
        month = may,
          eid = {arXiv:2005.06505},
        pages = {arXiv:2005.06505},
archivePrefix = {arXiv},
       eprint = {2005.06505},
 primaryClass = {astro-ph.IM},
       adsurl = {https://ui.adsabs.harvard.edu/abs/2020arXiv200506505P},
      adsnote = {Provided by the SAO/NASA Astrophysics Data System}
}

@article{pypeit:joss_pub,
    doi = {10.21105/joss.02308},
    url = {https://doi.org/10.21105/joss.02308},
    year = {2020},
    publisher = {The Open Journal},
    volume = {5},
    number = {56},
    pages = {2308},
    author = {J. Xavier Prochaska and Joseph F. Hennawi and Kyle B. Westfall and Ryan J. Cooke and Feige Wang and Tiffany Hsyu and Frederick B. Davies and Emanuele Paolo Farina and Debora Pelliccia},
    title = {PypeIt: The Python Spectroscopic Data Reduction Pipeline},
    journal = {Journal of Open Source Software}
}

@MISC{pypeit:zenodo,
       author = {{Prochaska}, J. Xavier and {Hennawi}, Joseph and {Cooke}, Ryan and
         {Westfall}, Kyle and {Wang}, Feige and {EmAstro} and {Tiffanyhsyu} and
         {Wasserman}, Asher and {Villaume}, Alexa and {Marijana777} and
         {Schindler}, JT and {Young}, David and {Simha}, Sunil and
         {Wilde}, Matt and {Tejos}, Nicolas and {Isbell}, Jacob and
         {Fl{\"o}rs}, Andreas and {Sandford}, Nathan and {Vasovi{\'c}}, Zlatan and
         {Betts}, Edward and {Holden}, Brad},
        title = "{pypeit/PypeIt: Release 1.0.0}",
         year = 2020,
        month = apr,
          eid = {10.5281/zenodo.3743493},
          doi = {10.5281/zenodo.3743493},
      version = {v1.0.0},
    publisher = {Zenodo},
       adsurl = {https://ui.adsabs.harvard.edu/abs/2020zndo...3743493P},
      adsnote = {Provided by the SAO/NASA Astrophysics Data System}
}

# online database

@ARTICLE{wiserep_2012,
       author = {{Yaron}, Ofer and {Gal-Yam}, Avishay},
        title = "{WISeREP{\textemdash}An Interactive Supernova Data Repository}",
      journal = {\pasp},
     keywords = {Astrophysics - Instrumentation and Methods for Astrophysics, Astrophysics - Cosmology and Nongalactic Astrophysics, Astrophysics - High Energy Astrophysical Phenomena},
         year = 2012,
        month = jul,
       volume = {124},
       number = {917},
        pages = {668},
          doi = {10.1086/666656},
archivePrefix = {arXiv},
       eprint = {1204.1891},
 primaryClass = {astro-ph.IM},
       adsurl = {https://ui.adsabs.harvard.edu/abs/2012PASP..124..668Y},
      adsnote = {Provided by the SAO/NASA Astrophysics Data System}
}


@ARTICLE{Guillochon_2017,
       author = {{Guillochon}, James and {Parrent}, Jerod and {Kelley}, Luke Zoltan and {Margutti}, Raffaella},
        title = "{An Open Catalog for Supernova Data}",
      journal = {\apj},
     keywords = {catalogs, ISM: supernova remnants, supernovae: general, Astrophysics - Solar and Stellar Astrophysics, Astrophysics - High Energy Astrophysical Phenomena, Astrophysics - Instrumentation and Methods for Astrophysics},
         year = 2017,
        month = jan,
       volume = {835},
       number = {1},
          eid = {64},
        pages = {64},
          doi = {10.3847/1538-4357/835/1/64},
archivePrefix = {arXiv},
       eprint = {1605.01054},
 primaryClass = {astro-ph.SR},
       adsurl = {https://ui.adsabs.harvard.edu/abs/2017ApJ...835...64G},
      adsnote = {Provided by the SAO/NASA Astrophysics Data System}
}


@ARTICLE{Schlafly2011,
       author = {{Schlafly}, Edward F. and {Finkbeiner}, Douglas P.},
        title = "{Measuring Reddening with Sloan Digital Sky Survey Stellar Spectra and Recalibrating SFD}",
      journal = {\apj},
     keywords = {dust, extinction, Galaxy: stellar content, ISM: clouds, Astrophysics - Galaxy Astrophysics},
         year = 2011,
        month = aug,
       volume = {737},
       number = {2},
          eid = {103},
        pages = {103},
          doi = {10.1088/0004-637X/737/2/103},
archivePrefix = {arXiv},
       eprint = {1012.4804},
 primaryClass = {astro-ph.GA},
       adsurl = {https://ui.adsabs.harvard.edu/abs/2011ApJ...737..103S},
      adsnote = {Provided by the SAO/NASA Astrophysics Data System}
}

@ARTICLE{Fitzpatrick1999,
       author = {{Fitzpatrick}, Edward L.},
        title = "{Correcting for the Effects of Interstellar Extinction}",
      journal = {\pasp},
     keywords = {ISM: DUST, EXTINCTION, Astrophysics},
         year = 1999,
        month = jan,
       volume = {111},
       number = {755},
        pages = {63-75},
          doi = {10.1086/316293},
archivePrefix = {arXiv},
       eprint = {astro-ph/9809387},
 primaryClass = {astro-ph},
       adsurl = {https://ui.adsabs.harvard.edu/abs/1999PASP..111...63F},
      adsnote = {Provided by the SAO/NASA Astrophysics Data System}
}

@ARTICLE{Carrick2015_2M++,
       author = {{Carrick}, Jonathan and {Turnbull}, Stephen J. and {Lavaux}, Guilhem and {Hudson}, Michael J.},
        title = "{Cosmological parameters from the comparison of peculiar velocities with predictions from the 2M++ density field}",
      journal = {\mnras},
     keywords = {Local Group, cosmic background radiation, cosmological parameters, large-scale structure of Universe, Astrophysics - Cosmology and Nongalactic Astrophysics},
         year = 2015,
        month = jun,
       volume = {450},
       number = {1},
        pages = {317-332},
          doi = {10.1093/mnras/stv547},
archivePrefix = {arXiv},
       eprint = {1504.04627},
 primaryClass = {astro-ph.CO},
       adsurl = {https://ui.adsabs.harvard.edu/abs/2015MNRAS.450..317C},
      adsnote = {Provided by the SAO/NASA Astrophysics Data System}
}

@ARTICLE{Kenworthy_SALT3_2021,
       author = {{Kenworthy}, W.~D. and {Jones}, D.~O. and {Dai}, M. and {Kessler}, R. and {Scolnic}, D. and {Brout}, D. and {Siebert}, M.~R. and {Pierel}, J.~D.~R. and {Dettman}, K.~G. and {Dimitriadis}, G. and {Foley}, R.~J. and {Jha}, S.~W. and {Pan}, Y. -C. and {Riess}, A. and {Rodney}, S. and {Rojas-Bravo}, C.},
        title = "{SALT3: An Improved Type Ia Supernova Model for Measuring Cosmic Distances}",
      journal = {\apj},
     keywords = {1146, 1728, Astrophysics - Cosmology and Nongalactic Astrophysics, Astrophysics - Instrumentation and Methods for Astrophysics},
         year = 2021,
        month = dec,
       volume = {923},
       number = {2},
          eid = {265},
        pages = {265},
          doi = {10.3847/1538-4357/ac30d8},
archivePrefix = {arXiv},
       eprint = {2104.07795},
 primaryClass = {astro-ph.CO},
       adsurl = {https://ui.adsabs.harvard.edu/abs/2021ApJ...923..265K},
      adsnote = {Provided by the SAO/NASA Astrophysics Data System}
}

@software{Barbary_SNCosmo_2023,
  author       = {Barbary, Kyle and
                  Bailey, Stephen and
                  Barentsen, Geert and
                  Barclay, Tom and
                  Biswas, Rahul and
                  Boone, Kyle and
                  Craig, Matt and
                  Feindt, Ulrich and
                  Friesen, Brian and
                  Goldstein, Danny and
                  Jha, Saurabh W. and
                  Jones, David O. and
                  Mondon, Florian and
                  Papadogiannakis, Seméli and
                  Perrefort, Daniel and
                  Pierel, Justin and
                  Rodney, Steve and
                  Rose, Benjamin and
                  Saunders, Clare and
                  Sipőcz, Brigitta and
                  Sofiatti, Caroline and
                  Thomas, Rollin C. and
                  van Santen, Jakob and
                  Vincenzi, Maria and
                  Wang, David and
                  Wood-Vasey, Michael},
  title        = {SNCosmo},
  month        = apr,
  year         = 2023,
  note         = {{If you use SNCosmo, please cite it using these 
                   metadata.}},
  publisher    = {Zenodo},
  version      = {v2.10.0},
  doi          = {10.5281/zenodo.7876632},
  url          = {https://doi.org/10.5281/zenodo.7876632}
}

@article{pymc_2016,
  doi = {10.7717/peerj-cs.55},
  url = {https://doi.org/10.7717/peerj-cs.55},
  year  = {2016},
  month = {apr},
  publisher = {{PeerJ}},
  volume = {2},
  pages = {e55},
  author = {John Salvatier and Thomas V. Wiecki and Christopher Fonnesbeck},
  title = {Probabilistic programming in Python using {PyMC}3},
  journal = {{PeerJ} Computer Science}
}

@ARTICLE{numpy_2020,
       author = {{Harris}, Charles R. and {Millman}, K. Jarrod and {van der Walt}, St{\'e}fan J. and {Gommers}, Ralf and {Virtanen}, Pauli and {Cournapeau}, David and {Wieser}, Eric and {Taylor}, Julian and {Berg}, Sebastian and {Smith}, Nathaniel J. and {Kern}, Robert and {Picus}, Matti and {Hoyer}, Stephan and {van Kerkwijk}, Marten H. and {Brett}, Matthew and {Haldane}, Allan and {del R{\'\i}o}, Jaime Fern{\'a}ndez and {Wiebe}, Mark and {Peterson}, Pearu and {G{\'e}rard-Marchant}, Pierre and {Sheppard}, Kevin and {Reddy}, Tyler and {Weckesser}, Warren and {Abbasi}, Hameer and {Gohlke}, Christoph and {Oliphant}, Travis E.},
        title = "{Array programming with NumPy}",
      journal = {\nat},
     keywords = {Computer Science - Mathematical Software, Statistics - Computation},
         year = 2020,
        month = sep,
       volume = {585},
       number = {7825},
        pages = {357-362},
          doi = {10.1038/s41586-020-2649-2},
archivePrefix = {arXiv},
       eprint = {2006.10256},
 primaryClass = {cs.MS},
       adsurl = {https://ui.adsabs.harvard.edu/abs/2020Natur.585..357H},
      adsnote = {Provided by the SAO/NASA Astrophysics Data System}
}

@MISC{HEAsoft_2014,
       author = {{HEASARC}},
        title = "{HEAsoft: Unified Release of FTOOLS and XANADU}",
     keywords = {Software, NASA, Hitomi, INTEGRAL, NICER, NuSTAR, ROSAT, Suzaku, Swift, RXTE},
 howpublished = {Astrophysics Source Code Library, record ascl:1408.004},
         year = 2014,
        month = aug,
          eid = {ascl:1408.004},
        pages = {ascl:1408.004},
archivePrefix = {ascl},
       eprint = {1408.004},
       adsurl = {https://ui.adsabs.harvard.edu/abs/2014ascl.soft08004N},
      adsnote = {Provided by the SAO/NASA Astrophysics Data System}
}

@ARTICLE{Tardis_2014,
           author = {{Kerzendorf}, W.~E. and {Sim}, S.~A.},
            title = "{A spectral synthesis code for rapid modelling of supernovae}",
          journal = {\mnras},
    archivePrefix = "arXiv",
           eprint = {1401.5469},
     primaryClass = "astro-ph.SR",
         keywords = {radiative transfer, methods: numerical, supernovae: general},
             year = 2014,
            month = may,
           volume = 440,
            pages = {387-404},
              doi = {10.1093/mnras/stu055},
           adsurl = {http://adsabs.harvard.edu/abs/2014MNRAS.440..387K},
          adsnote = {Provided by the SAO/NASA Astrophysics Data System}
    }

@software{tardis-sn_2019,
      author       = {Kerzendorf, Wolfgang and
                      Nöbauer, Ulrich and
                      Sim, Stuart and
                      Lietzau, Stefan and
                      Jančauskas, Vytautas and
                      Vogl, Christian and
                      Mishin, Mikhail and
                      Tsamis, Fotis and
                      Boyle, Aoife and
                      Gupta, Vaibhav and
                      Desai, Karan and
                      Klauser, Michael and
                      Beaujean, Frederik and
                      Suban-Loewen, Adam and
                      Heringer, Epson and
                      Shingles, Luke and
                      Barna, Barnabas and
                      Gautam, Gaurav and
                      Patel, Maryam and
                      Barbosa, Talytha and
                      Varanasi, Kaushik and
                      Reinecke, Martin and
                      Bylund, Tomas and
                      Bentil, Laud and
                      Rajagopalan, Srinath and
                      Jain, Rinkle and
                      Singh, Sourav and
                      Talegaonkar, Chinmay and
                      Sofiatti, Caroline and
                      Patel, Pratik and
                      Yap, Kevin and
                      Wahi, Ujjwal and
                      Gupta, Suyash},
      title        = {tardis-sn/tardis: TARDIS v3.0 alpha2},
      month        = mar,
      year         = 2019,
      doi          = {10.5281/zenodo.2590539},
      url          = {https://doi.org/10.5281/zenodo.2590539}
    }

    @INPROCEEDINGS{IRAF_1986,
       author = {{Tody}, Doug},
        title = "{The IRAF Data Reduction and Analysis System}",
    booktitle = {Instrumentation in astronomy VI},
         year = 1986,
       editor = {{Crawford}, David L.},
       series = {Society of Photo-Optical Instrumentation Engineers (SPIE) Conference Series},
       volume = {627},
        month = jan,
        pages = {733},
          doi = {10.1117/12.968154},
       adsurl = {https://ui.adsabs.harvard.edu/abs/1986SPIE..627..733T},
      adsnote = {Provided by the SAO/NASA Astrophysics Data System}
}

@InProceedings{Pandas_2010,
  author    = { {W}es {M}c{K}inney },
  title     = { {D}ata {S}tructures for {S}tatistical {C}omputing in {P}ython },
  booktitle = { {P}roceedings of the 9th {P}ython in {S}cience {C}onference },
  pages     = { 56 - 61 },
  year      = { 2010 },
  editor    = { {S}t\'efan van der {W}alt and {J}arrod {M}illman },
  doi       = { 10.25080/Majora-92bf1922-00a }
}

@inproceedings{XGBoost_2016, 
author = {Chen, Tianqi and Guestrin, Carlos}, title = {XGBoost: A Scalable Tree Boosting System}, year = {2016}, isbn = {9781450342322}, publisher = {Association for Computing Machinery}, address = {New York, NY, USA}, url = {https://doi.org/10.1145/2939672.2939785}, doi = {10.1145/2939672.2939785}, abstract = {Tree boosting is a highly effective and widely used machine learning method. In this paper, we describe a scalable end-to-end tree boosting system called XGBoost, which is used widely by data scientists to achieve state-of-the-art results on many machine learning challenges. We propose a novel sparsity-aware algorithm for sparse data and weighted quantile sketch for approximate tree learning. More importantly, we provide insights on cache access patterns, data compression and sharding to build a scalable tree boosting system. By combining these insights, XGBoost scales beyond billions of examples using far fewer resources than existing systems.}, booktitle = {Proceedings of the 22nd ACM SIGKDD International Conference on Knowledge Discovery and Data Mining}, pages = {785–794}, numpages = {10}, keywords = {large-scale machine learning}, location = {San Francisco, California, USA}, series = {KDD '16} 
}

@ARTICLE{SExtractor_1996,
       author = {{Bertin}, E. and {Arnouts}, S.},
        title = "{SExtractor: Software for source extraction.}",
      journal = {\aaps},
     keywords = {METHODS: DATA ANALYSIS, TECHNIQUES: IMAGE PROCESSING, GALAXIES: PHOTOMETRY},
         year = 1996,
        month = jun,
       volume = {117},
        pages = {393-404},
          doi = {10.1051/aas:1996164},
       adsurl = {https://ui.adsabs.harvard.edu/abs/1996A&AS..117..393B},
      adsnote = {Provided by the SAO/NASA Astrophysics Data System}
}

@ARTICLE{Lintott_2008,
       author = {{Lintott}, Chris J. and {Schawinski}, Kevin and {Slosar}, An{\v{z}}e and {Land}, Kate and {Bamford}, Steven and {Thomas}, Daniel and {Raddick}, M. Jordan and {Nichol}, Robert C. and {Szalay}, Alex and {Andreescu}, Dan and {Murray}, Phil and {Vandenberg}, Jan},
        title = "{Galaxy Zoo: morphologies derived from visual inspection of galaxies from the Sloan Digital Sky Survey}",
      journal = {\mnras},
     keywords = {methods: data analysis, galaxies: elliptical and lenticular, cD, galaxies: general, galaxies: spiral, Astrophysics},
         year = 2008,
        month = sep,
       volume = {389},
       number = {3},
        pages = {1179-1189},
          doi = {10.1111/j.1365-2966.2008.13689.x},
archivePrefix = {arXiv},
       eprint = {0804.4483},
 primaryClass = {astro-ph},
       adsurl = {https://ui.adsabs.harvard.edu/abs/2008MNRAS.389.1179L},
      adsnote = {Provided by the SAO/NASA Astrophysics Data System}
}

